  <div class='ocr_page' id='page_1' title='image "/cluster/home/n/w/nwhite01/storage/ocr_20150623/60/hvd.32044015469299/293.png"; bbox 0 0 3994 6290; ppageno 0'>
   <div class='ocr_carea' id='block_1_1' title="bbox 583 303 1388 408">
    <p class='ocr_par' dir='ltr' id='par_1_1' title="bbox 583 303 1388 408">
     <span class='ocr_line' id='line_1_1' title="bbox 583 303 1388 408; baseline 0 0"><span class='ocrx_word' id='word_1_1' title='bbox 583 347 693 408; x_wconf 78' lang='lat' dir='ltr'><strong>ses</strong></span> <span class='ocrx_word' id='word_1_2' title='bbox 1333 303 1388 313; x_wconf 29' lang='grc' dir='ltr'>η</span> 
     </span>
    </p>
   </div>
   <div class='ocr_carea' id='block_1_2' title="bbox 1633 565 2088 639">
    <p class='ocr_par' dir='ltr' id='par_1_2' title="bbox 1633 565 2088 639">
     <span class='ocr_line' id='line_1_2' title="bbox 1633 565 2088 639; baseline -0.002 -18"><span class='ocrx_word' id='word_1_3' title='bbox 1633 565 1846 639; x_wconf 84' lang='lat' dir='ltr'><strong>[eatque</strong></span> <span class='ocrx_word' id='word_1_4' title='bbox 1871 565 2088 631; x_wconf 90' lang='lat' dir='ltr'><strong>clivum,</strong></span> 
     </span>
    </p>
   </div>
   <div class='ocr_carea' id='block_1_3' title="bbox 837 661 1774 733">
    <p class='ocr_par' dir='ltr' id='par_1_3' title="bbox 837 661 1774 733">
     <span class='ocr_line' id='line_1_3' title="bbox 837 661 1774 733; baseline -0.003 -15"><span class='ocrx_word' id='word_1_5' title='bbox 837 663 1018 720; x_wconf 88' lang='lat' dir='ltr'><strong>Donec</strong></span> <span class='ocrx_word' id='word_1_6' title='bbox 1043 663 1231 718; x_wconf 94' lang='lat' dir='ltr'><strong>virenti</strong></span> <span class='ocrx_word' id='word_1_7' title='bbox 1256 662 1476 718; x_wconf 93' lang='lat' dir='ltr'><strong>ﬂuctuet</strong></span> <span class='ocrx_word' id='word_1_8' title='bbox 1503 661 1774 733; x_wconf 81' lang='lat' dir='ltr'><strong>colymbo.</strong></span> 
     </span>
    </p>
   </div>
   <div class='ocr_carea' id='block_1_4' title="bbox 769 751 2116 825">
    <p class='ocr_par' dir='ltr' id='par_1_4' title="bbox 769 751 2116 825">
     <span class='ocr_line' id='line_1_4' title="bbox 769 751 2116 825; baseline -0.001 -15"><span class='ocrx_word' id='word_1_9' title='bbox 769 756 995 811; x_wconf 86' lang='lat' dir='ltr'><strong>interior</strong></span> <span class='ocrx_word' id='word_1_10' title='bbox 1025 755 1214 810; x_wconf 92' lang='lat' dir='ltr'><strong>tumuli</strong></span> <span class='ocrx_word' id='word_1_11' title='bbox 1241 769 1363 825; x_wconf 88' lang='lat' dir='ltr'><strong>pars</strong></span> <span class='ocrx_word' id='word_1_12' title='bbox 1391 763 1494 819; x_wconf 90' lang='lat' dir='ltr'><strong>est,</strong></span> <span class='ocrx_word' id='word_1_13' title='bbox 1526 753 1616 808; x_wconf 89' lang='lat' dir='ltr'><strong>ubi</strong></span> <span class='ocrx_word' id='word_1_14' title='bbox 1647 752 1884 824; x_wconf 83' lang='lat' dir='ltr'><strong>lapsibus</strong></span> <span class='ocrx_word' id='word_1_15' title='bbox 1903 751 2116 808; x_wconf 88' lang='lat' dir='ltr'><strong>sonoris</strong></span> 
     </span>
    </p>
   </div>
   <div class='ocr_carea' id='block_1_5' title="bbox 850 846 1868 918">
    <p class='ocr_par' dir='ltr' id='par_1_5' title="bbox 850 846 1868 918">
     <span class='ocr_line' id='line_1_5' title="bbox 850 846 1868 918; baseline -0.003 -13"><span class='ocrx_word' id='word_1_16' title='bbox 850 848 1108 918; x_wconf 77' lang='lat' dir='ltr'><strong>Stagnum</strong></span> <span class='ocrx_word' id='word_1_17' title='bbox 1134 849 1295 904; x_wconf 81' lang='lat' dir='ltr'><strong>nivali</strong></span> <span class='ocrx_word' id='word_1_18' title='bbox 1324 848 1554 904; x_wconf 79' lang='lat' dir='ltr'><strong>volvitur</strong></span> <span class='ocrx_word' id='word_1_19' title='bbox 1582 846 1868 916; x_wconf 78' lang='lat' dir='ltr'><strong>profundo.</strong></span> 
     </span>
    </p>
   </div>
   <div class='ocr_carea' id='block_1_6' title="bbox 769 940 2168 1016">
    <p class='ocr_par' dir='ltr' id='par_1_6' title="bbox 769 940 2168 1016">
     <span class='ocr_line' id='line_1_6' title="bbox 769 940 2168 1016; baseline -0.005 -15"><span class='ocrx_word' id='word_1_20' title='bbox 769 942 977 1016; x_wconf 81' lang='lat'><strong>1197</strong></span> <span class='ocrx_word' id='word_1_21' title='bbox 1002 941 1314 998; x_wconf 89' lang='lat' dir='ltr'><strong>Omnicolor</strong></span> <span class='ocrx_word' id='word_1_22' title='bbox 1341 942 1538 998; x_wconf 87' lang='lat' dir='ltr'><strong>vitreas</strong></span> <span class='ocrx_word' id='word_1_23' title='bbox 1566 943 1775 1012; x_wconf 86' lang='lat' dir='ltr'><strong>pictura</strong></span> <span class='ocrx_word' id='word_1_24' title='bbox 1802 954 2036 1011; x_wconf 83' lang='lat' dir='ltr'><strong>superne</strong></span> <span class='ocrx_word' id='word_1_25' title='bbox 2062 940 2168 995; x_wconf 93' lang='lat' dir='ltr'><strong>tin-</strong></span> 
     </span>
    </p>
   </div>
   <div class='ocr_carea' id='block_1_7' title="bbox 1779 1033 2094 1106">
    <p class='ocr_par' dir='ltr' id='par_1_7' title="bbox 1779 1033 2094 1106">
     <span class='ocr_line' id='line_1_7' title="bbox 1779 1033 2094 1106; baseline 0 -18"><span class='ocrx_word' id='word_1_26' title='bbox 1779 1033 1876 1106; x_wconf 79' lang='lat' dir='ltr'><strong>[git</strong></span> <span class='ocrx_word' id='word_1_27' title='bbox 1899 1033 2094 1099; x_wconf 89' lang='lat' dir='ltr'><strong>undas,</strong></span> 
     </span>
    </p>
   </div>
   <div class='ocr_carea' id='block_1_8' title="bbox 929 355 2732 424">
    <p class='ocr_par' dir='ltr' id='par_1_8' title="bbox 929 355 2732 424">
     <span class='ocr_line' id='line_1_8' title="bbox 929 355 2732 424; baseline 0.003 -14"><span class='ocrx_word' id='word_1_28' title='bbox 929 404 940 410; x_wconf 83' lang='lat'><strong>.</strong></span> <span class='ocrx_word' id='word_1_29' title='bbox 1025 387 1054 399; x_wconf 56' lang='grc' dir='ltr'><strong>η</strong></span> <span class='ocrx_word' id='word_1_30' title='bbox 1127 396 1168 406; x_wconf 91' lang='grc'><strong>--</strong></span> <span class='ocrx_word' id='word_1_31' title='bbox 1695 355 1972 416; x_wconf 77' lang='lat' dir='ltr'><strong>AURELII</strong></span> <span class='ocrx_word' id='word_1_32' title='bbox 2008 356 2374 418; x_wconf 84' lang='lat' dir='ltr'><strong>PRUDENTII</strong></span> <span class='ocrx_word' id='word_1_33' title='bbox 2409 358 2732 424; x_wconf 78' lang='lat' dir='ltr'><strong>CARMINA.</strong></span> 
     </span>
    </p>
   </div>
   <div class='ocr_carea' id='block_1_9' title="bbox 581 472 2382 554">
    <p class='ocr_par' dir='ltr' id='par_1_9' title="bbox 581 472 2382 554">
     <span class='ocr_line' id='line_1_9' title="bbox 581 472 2382 554; baseline -0.006 -18"><span class='ocrx_word' id='word_1_34' title='bbox 581 477 658 536; x_wconf 77' lang='lat'><strong>55</strong></span> <span class='ocrx_word' id='word_1_35' title='bbox 771 475 986 554; x_wconf 70' lang='lat'><strong>1190</strong></span> <span class='ocrx_word' id='word_1_36' title='bbox 1013 475 1164 534; x_wconf 80' lang='lat' dir='ltr'><strong>Nunc</strong></span> <span class='ocrx_word' id='word_1_37' title='bbox 1191 473 1425 548; x_wconf 85' lang='lat' dir='ltr'><strong>pretiosa</strong></span> <span class='ocrx_word' id='word_1_38' title='bbox 1452 472 1558 528; x_wconf 86' lang='lat' dir='ltr'><strong>ruit</strong></span> <span class='ocrx_word' id='word_1_39' title='bbox 1585 486 1679 545; x_wconf 92' lang='lat' dir='ltr'><strong>per</strong></span> <span class='ocrx_word' id='word_1_40' title='bbox 1692 487 1984 540; x_wconf 90' lang='lat' dir='ltr'><strong>marmora,</strong></span> <span class='ocrx_word' id='word_1_41' title='bbox 2002 474 2170 529; x_wconf 91' lang='lat' dir='ltr'><strong>lubri-</strong></span> <span class='ocrx_word' id='word_1_42' title='bbox 2193 479 2248 538; x_wconf 77' lang='grc' dir='ltr'>Α</span> <span class='ocrx_word' id='word_1_43' title='bbox 2311 477 2382 536; x_wconf 75' lang='grc'><strong>40</strong></span> 
     </span>
    </p>
   </div>
   <div class='ocr_carea' id='block_1_10' title="bbox 3528 369 3840 438">
    <p class='ocr_par' dir='ltr' id='par_1_10' title="bbox 3528 369 3840 438">
     <span class='ocr_line' id='line_1_10' title="bbox 3528 369 3840 438; baseline 0 -8"><span class='ocrx_word' id='word_1_44' title='bbox 3528 414 3583 438; x_wconf 51' lang='grc' dir='ltr'><strong>ι,</strong></span> <span class='ocrx_word' id='word_1_45' title='bbox 3746 369 3840 430; x_wconf 69' lang='grc' dir='ltr'><strong>εει</strong></span> 
     </span>
    </p>
   </div>
   <div class='ocr_carea' id='block_1_11' title="bbox 2527 476 3543 546">
    <p class='ocr_par' dir='ltr' id='par_1_11' title="bbox 2527 476 3543 546">
     <span class='ocr_line' id='line_1_11' title="bbox 2527 476 3543 546; baseline 0.004 -13"><span class='ocrx_word' id='word_1_46' title='bbox 2527 477 2695 536; x_wconf 79' lang='lat' dir='ltr'><strong>Musei</strong></span> <span class='ocrx_word' id='word_1_47' title='bbox 2717 476 2983 546; x_wconf 86' lang='lat' dir='ltr'><strong>relucent,</strong></span> <span class='ocrx_word' id='word_1_48' title='bbox 3008 478 3064 536; x_wconf 74' lang='grc' dir='ltr'><strong>ει</strong></span> <span class='ocrx_word' id='word_1_49' title='bbox 3085 480 3305 537; x_wconf 84' lang='lat' dir='ltr'><strong>virescit</strong></span> <span class='ocrx_word' id='word_1_50' title='bbox 3330 493 3543 537; x_wconf 86' lang='lat' dir='ltr'><strong>aurum.</strong></span> 
     </span>
    </p>
   </div>
   <div class='ocr_carea' id='block_1_12' title="bbox 2445 571 3830 646">
    <p class='ocr_par' dir='ltr' id='par_1_12' title="bbox 2445 571 3830 646">
     <span class='ocr_line' id='line_1_12' title="bbox 2445 571 3830 646; baseline 0.002 -16"><span class='ocrx_word' id='word_1_51' title='bbox 2445 573 2803 646; x_wconf 83' lang='lat' dir='ltr'><strong>Cyaneusque</strong></span> <span class='ocrx_word' id='word_1_52' title='bbox 2847 571 2989 628; x_wconf 90' lang='lat' dir='ltr'><strong>latex</strong></span> <span class='ocrx_word' id='word_1_53' title='bbox 3039 573 3286 628; x_wconf 89' lang='lat' dir='ltr'><strong>umbram</strong></span> <span class='ocrx_word' id='word_1_54' title='bbox 3315 572 3480 629; x_wconf 84' lang='lat' dir='ltr'><strong>trahit</strong></span> <span class='ocrx_word' id='word_1_55' title='bbox 3529 574 3830 633; x_wconf 87' lang='lat' dir='ltr'><strong>imminentis</strong></span> 
     </span>
    </p>
   </div>
   <div class='ocr_carea' id='block_1_13' title="bbox 3635 667 3768 723">
    <p class='ocr_par' dir='ltr' id='par_1_13' title="bbox 3635 667 3768 723">
     <span class='ocr_line' id='line_1_13' title="bbox 3635 667 3768 723; baseline 0.015 -2"><span class='ocrx_word' id='word_1_56' title='bbox 3635 667 3724 723; x_wconf 89' lang='lat' dir='ltr'><strong>stri</strong></span> <span class='ocrx_word' id='word_1_57' title='bbox 3754 684 3768 723; x_wconf 88' lang='lat'><strong>:</strong></span> 
     </span>
    </p>
   </div>
   <div class='ocr_carea' id='block_1_14' title="bbox 2517 666 3724 817">
    <p class='ocr_par' dir='ltr' id='par_1_14' title="bbox 2517 666 3724 817">
     <span class='ocr_line' id='line_1_14' title="bbox 3600 667 3724 724; baseline -0.008 0"><span class='ocrx_word' id='word_1_58' title='bbox 3600 667 3724 724; x_wconf 86' lang='lat' dir='ltr'><strong>ostri</strong></span> 
     </span>
     <span class='ocr_line' id='line_1_15' title="bbox 2517 666 3600 817; baseline 0.002 -5"><span class='ocrx_word' id='word_1_59' title='bbox 2517 757 2725 814; x_wconf 87' lang='lat' dir='ltr'><strong>Credas</strong></span> <span class='ocrx_word' id='word_1_60' title='bbox 2749 757 2953 816; x_wconf 89' lang='lat' dir='ltr'><strong>moveri</strong></span> <span class='ocrx_word' id='word_1_61' title='bbox 2983 757 3234 815; x_wconf 87' lang='lat' dir='ltr'><strong>ﬂuctibus</strong></span> <span class='ocrx_word' id='word_1_62' title='bbox 3256 759 3496 817; x_wconf 80' lang='lat' dir='ltr'><strong>lacunar.</strong></span> <span class='ocrx_word' id='word_1_63' title='bbox 3577 666 3600 740; x_wconf 75' lang='lat'>[</span> 
     </span>
    </p>
   </div>
   <div class='ocr_carea' id='block_1_15' title="bbox 2454 849 3836 940">
    <p class='ocr_par' dir='ltr' id='par_1_15' title="bbox 2454 849 3836 940">
     <span class='ocr_line' id='line_1_16' title="bbox 2454 849 3836 940; baseline 0.002 -36"><span class='ocrx_word' id='word_1_64' title='bbox 2454 849 2642 905; x_wconf 87' lang='lat' dir='ltr'><strong>Pastor</strong></span> <span class='ocrx_word' id='word_1_65' title='bbox 2670 865 2797 906; x_wconf 88' lang='lat' dir='ltr'><strong>oves</strong></span> <span class='ocrx_word' id='word_1_66' title='bbox 2820 851 2916 906; x_wconf 89' lang='lat' dir='ltr'><strong>alit</strong></span> <span class='ocrx_word' id='word_1_67' title='bbox 2942 850 3055 920; x_wconf 90' lang='lat' dir='ltr'><strong>ipse</strong></span> <span class='ocrx_word' id='word_1_68' title='bbox 3081 849 3192 906; x_wconf 91' lang='lat' dir='ltr'><strong>illic</strong></span> <span class='ocrx_word' id='word_1_69' title='bbox 3213 849 3375 922; x_wconf 79' lang='lat' dir='ltr'><strong>gelidi</strong></span> <span class='ocrx_word' id='word_1_70' title='bbox 3406 851 3586 921; x_wconf 89' lang='lat' dir='ltr'><strong>rigore</strong></span> <span class='ocrx_word' id='word_1_71' title='bbox 3610 849 3776 921; x_wconf 81' lang='lat' dir='ltr'><strong>lentis,</strong></span> <span class='ocrx_word' id='word_1_72' title='bbox 3830 935 3836 940; x_wconf 73' lang='lat'><strong>_</strong></span> 
     </span>
    </p>
   </div>
   <div class='ocr_carea' id='block_1_16' title="bbox 2529 941 3502 1023">
    <p class='ocr_par' dir='ltr' id='par_1_16' title="bbox 2529 941 3502 1023">
     <span class='ocr_line' id='line_1_17' title="bbox 2529 941 3502 1023; baseline 0.005 -28"><span class='ocrx_word' id='word_1_73' title='bbox 2529 941 2688 999; x_wconf 80' lang='lat' dir='ltr'><strong>Videt</strong></span> <span class='ocrx_word' id='word_1_74' title='bbox 2716 943 2865 1000; x_wconf 80' lang='lat' dir='ltr'><strong>sitire</strong></span> <span class='ocrx_word' id='word_1_75' title='bbox 2893 958 3028 1023; x_wconf 77' lang='lat' dir='ltr'><strong>quas</strong></span> <span class='ocrx_word' id='word_1_76' title='bbox 3055 943 3257 1000; x_wconf 90' lang='lat' dir='ltr'><strong>ﬂuenta</strong></span> <span class='ocrx_word' id='word_1_77' title='bbox 3277 942 3502 1000; x_wconf 85' lang='lat' dir='ltr'><strong>Christi.</strong></span> 
     </span>
    </p>
   </div>
   <div class='ocr_carea' id='block_1_17' title="bbox 2208 1031 3825 1105">
    <p class='ocr_par' dir='ltr' id='par_1_17' title="bbox 2208 1031 3825 1105">
     <span class='ocr_line' id='line_1_18' title="bbox 2208 1031 3825 1105; baseline 0.005 -19"><span class='ocrx_word' id='word_1_78' title='bbox 2208 1032 2209 1035; x_wconf 66' lang='grc'><em>“</em></span> <span class='ocrx_word' id='word_1_79' title='bbox 2308 1031 2380 1087; x_wconf 79' lang='grc'><strong>45</strong></span> <span class='ocrx_word' id='word_1_80' title='bbox 2456 1032 2615 1090; x_wconf 86' lang='lat' dir='ltr'><strong>Parte</strong></span> <span class='ocrx_word' id='word_1_81' title='bbox 2647 1033 2752 1089; x_wconf 91' lang='lat' dir='ltr'><strong>alia</strong></span> <span class='ocrx_word' id='word_1_82' title='bbox 2783 1036 2998 1090; x_wconf 89' lang='lat' dir='ltr'><strong>titulum</strong></span> <span class='ocrx_word' id='word_1_83' title='bbox 3049 1034 3200 1090; x_wconf 88' lang='lat' dir='ltr'><strong>Pauli</strong></span> <span class='ocrx_word' id='word_1_84' title='bbox 3244 1035 3329 1090; x_wconf 87' lang='lat' dir='ltr'><strong>via</strong></span> <span class='ocrx_word' id='word_1_85' title='bbox 3354 1043 3537 1092; x_wconf 88' lang='lat' dir='ltr'><strong>servat</strong></span> <span class='ocrx_word' id='word_1_86' title='bbox 3569 1034 3825 1105; x_wconf 88' lang='lat' dir='ltr'><strong>Ostiensis,</strong></span> 
     </span>
    </p>
   </div>
   <div class='ocr_carea' id='block_1_18' title="bbox 1894 1145 2563 1204">
    <p class='ocr_par' dir='ltr' id='par_1_18' title="bbox 1894 1145 2563 1204">
     <span class='ocr_line' id='line_1_19' title="bbox 1894 1145 2563 1204; baseline -0.001 0"><span class='ocrx_word' id='word_1_87' title='bbox 1894 1145 2182 1204; x_wconf 63' lang='lat' dir='ltr'><strong>GLOSSE</strong></span> <span class='ocrx_word' id='word_1_88' title='bbox 2219 1146 2563 1204; x_wconf 75' lang='lat' dir='ltr'><strong>VETERES.</strong></span> 
     </span>
    </p>
   </div>
   <div class='ocr_carea' id='block_1_19' title="bbox 657 1257 2162 1332">
    <p class='ocr_par' dir='ltr' id='par_1_19' title="bbox 657 1257 2162 1332">
     <span class='ocr_line' id='line_1_20' title="bbox 657 1257 2162 1332; baseline -0.003 -15"><span class='ocrx_word' id='word_1_89' title='bbox 657 1262 748 1317; x_wconf 80' lang='lat'><strong>55.</strong></span> <span class='ocrx_word' id='word_1_90' title='bbox 779 1261 927 1326; x_wconf 85' lang='lat' dir='ltr'><strong>Ruit,</strong></span> <span class='ocrx_word' id='word_1_91' title='bbox 944 1262 1132 1328; x_wconf 86' lang='lat' dir='ltr'><strong>oleum,</strong></span> <span class='ocrx_word' id='word_1_92' title='bbox 1155 1292 1224 1305; x_wconf 75' lang='lat'><strong>-—</strong></span> <span class='ocrx_word' id='word_1_93' title='bbox 1246 1261 1624 1332; x_wconf 84' lang='lat' dir='ltr'><strong>Lubricatque,</strong></span> <span class='ocrx_word' id='word_1_94' title='bbox 1647 1258 1821 1332; x_wconf 80' lang='lat' dir='ltr'><strong>ﬂectit.</strong></span> <span class='ocrx_word' id='word_1_95' title='bbox 1840 1289 1910 1300; x_wconf 94' lang='lat'><strong><em>—</em></strong></span> <span class='ocrx_word' id='word_1_96' title='bbox 1928 1257 2162 1325; x_wconf 86' lang='lat' dir='ltr'><strong>Clivum,</strong></span> 
     </span>
    </p>
   </div>
   <div class='ocr_carea' id='block_1_20' title="bbox 587 1332 1141 1396">
    <p class='ocr_par' dir='ltr' id='par_1_20' title="bbox 587 1332 1141 1396">
     <span class='ocr_line' id='line_1_21' title="bbox 587 1332 1141 1396; baseline -0.005 -9"><span class='ocrx_word' id='word_1_97' title='bbox 587 1333 844 1387; x_wconf 70' lang='lat' dir='ltr'><strong>derexitas</strong></span> <span class='ocrx_word' id='word_1_98' title='bbox 867 1335 1070 1396; x_wconf 88' lang='lat' dir='ltr'><strong>montis,</strong></span> <span class='ocrx_word' id='word_1_99' title='bbox 1102 1332 1141 1385; x_wconf 90' lang='lat' dir='ltr'><strong>l.</strong></span> 
     </span>
    </p>
   </div>
   <div class='ocr_carea' id='block_1_21' title="bbox 659 1401 2167 1473">
    <p class='ocr_par' dir='ltr' id='par_1_21' title="bbox 659 1401 2167 1473">
     <span class='ocr_line' id='line_1_22' title="bbox 659 1401 2167 1473; baseline -0.004 -15"><span class='ocrx_word' id='word_1_100' title='bbox 659 1405 748 1458; x_wconf 84' lang='lat'><strong>56.</strong></span> <span class='ocrx_word' id='word_1_101' title='bbox 798 1403 1076 1473; x_wconf 88' lang='lat' dir='ltr'><strong>Colymbo,</strong></span> <span class='ocrx_word' id='word_1_102' title='bbox 1128 1411 1331 1468; x_wconf 89' lang='lat' dir='ltr'><strong>natatu,</strong></span> <span class='ocrx_word' id='word_1_103' title='bbox 1379 1403 1509 1458; x_wconf 81' lang='lat' dir='ltr'><strong>Mar.</strong></span> <span class='ocrx_word' id='word_1_104' title='bbox 1561 1401 1743 1473; x_wconf 72' lang='lat' dir='ltr'><strong>Prag.,</strong></span> <span class='ocrx_word' id='word_1_105' title='bbox 1783 1409 1994 1464; x_wconf 74' lang='lat' dir='ltr'><strong>natatu;</strong></span> <span class='ocrx_word' id='word_1_106' title='bbox 2041 1415 2167 1473; x_wconf 76' lang='lat' dir='ltr'><strong>nam</strong></span> 
     </span>
    </p>
   </div>
   <div class='ocr_carea' id='block_1_22' title="bbox 585 1469 2162 1544">
    <p class='ocr_par' dir='ltr' id='par_1_22' title="bbox 585 1469 2162 1544">
     <span class='ocr_line' id='line_1_23' title="bbox 585 1469 2162 1544; baseline -0.002 -17"><span class='ocrx_word' id='word_1_107' title='bbox 585 1472 763 1544; x_wconf 63' lang='lat' dir='ltr'><strong>Greece</strong></span> <span class='ocrx_word' id='word_1_108' title='bbox 787 1469 1040 1544; x_wconf 78' lang='lat' dir='ltr'><strong>colymbin</strong></span> <span class='ocrx_word' id='word_1_109' title='bbox 1064 1469 1242 1528; x_wconf 81' lang='lat' dir='ltr'><strong>natare</strong></span> <span class='ocrx_word' id='word_1_110' title='bbox 1281 1475 1483 1528; x_wconf 89' lang='lat' dir='ltr'><strong>dicitur.</strong></span> <span class='ocrx_word' id='word_1_111' title='bbox 1523 1469 1774 1544; x_wconf 15' lang='lat' dir='ltr'><strong>Notatur:</strong></span> <span class='ocrx_word' id='word_1_112' title='bbox 1805 1473 1972 1541; x_wconf 80' lang='lat' dir='ltr'><strong>fructu</strong></span> <span class='ocrx_word' id='word_1_113' title='bbox 1996 1469 2162 1524; x_wconf 81' lang='lat' dir='ltr'><strong>olivte.</strong></span> 
     </span>
    </p>
   </div>
   <div class='ocr_carea' id='block_1_23' title="bbox 588 1543 2165 1614">
    <p class='ocr_par' dir='ltr' id='par_1_23' title="bbox 588 1543 2165 1614">
     <span class='ocr_line' id='line_1_24' title="bbox 588 1543 2165 1614; baseline -0.003 -16"><span class='ocrx_word' id='word_1_114' title='bbox 588 1543 823 1614; x_wconf 81' lang='lat' dir='ltr'><strong>Corymbi</strong></span> <span class='ocrx_word' id='word_1_115' title='bbox 848 1543 1036 1598; x_wconf 90' lang='lat' dir='ltr'><strong>racemi</strong></span> <span class='ocrx_word' id='word_1_116' title='bbox 1061 1545 1394 1608; x_wconf 82' lang='lat' dir='ltr'><strong>hederarum;</strong></span> <span class='ocrx_word' id='word_1_117' title='bbox 1415 1543 1634 1614; x_wconf 71' lang='lat' dir='ltr'><strong>colymbi</strong></span> <span class='ocrx_word' id='word_1_118' title='bbox 1667 1543 1772 1596; x_wconf 89' lang='lat' dir='ltr'><strong>tubi</strong></span> <span class='ocrx_word' id='word_1_119' title='bbox 1792 1558 1880 1614; x_wconf 87' lang='lat' dir='ltr'><strong>per</strong></span> <span class='ocrx_word' id='word_1_120' title='bbox 1898 1557 2024 1614; x_wconf 79' lang='lat' dir='ltr'><strong>quos</strong></span> <span class='ocrx_word' id='word_1_121' title='bbox 2047 1557 2165 1594; x_wconf 86' lang='lat' dir='ltr'><strong>cur-</strong></span> 
     </span>
    </p>
   </div>
   <div class='ocr_carea' id='block_1_24' title="bbox 588 1611 2160 1686">
    <p class='ocr_par' dir='ltr' id='par_1_24' title="bbox 588 1611 2160 1686">
     <span class='ocr_line' id='line_1_25' title="bbox 588 1611 2160 1686; baseline -0.003 -19"><span class='ocrx_word' id='word_1_122' title='bbox 588 1615 655 1686; x_wconf 76' lang='lat' dir='ltr'><strong>rit</strong></span> <span class='ocrx_word' id='word_1_123' title='bbox 685 1611 818 1686; x_wconf 79' lang='lat' dir='ltr'><strong>aqua</strong></span> <span class='ocrx_word' id='word_1_124' title='bbox 855 1631 947 1686; x_wconf 86' lang='lat' dir='ltr'><strong>per</strong></span> <span class='ocrx_word' id='word_1_125' title='bbox 975 1616 1086 1668; x_wconf 89' lang='lat' dir='ltr'><strong>loca</strong></span> <span class='ocrx_word' id='word_1_126' title='bbox 1134 1616 1352 1679; x_wconf 87' lang='lat' dir='ltr'><strong>occulta,</strong></span> <span class='ocrx_word' id='word_1_127' title='bbox 1395 1614 1436 1667; x_wconf 95' lang='lat' dir='ltr'><strong>I.</strong></span> <span class='ocrx_word' id='word_1_128' title='bbox 1468 1611 1698 1683; x_wconf 85' lang='lat' dir='ltr'><strong>Colymbi</strong></span> <span class='ocrx_word' id='word_1_129' title='bbox 1743 1613 1849 1667; x_wconf 89' lang='lat' dir='ltr'><strong>tubi</strong></span> <span class='ocrx_word' id='word_1_130' title='bbox 1897 1611 2160 1677; x_wconf 87' lang='lat' dir='ltr'><strong>dicuntur,</strong></span> 
     </span>
    </p>
   </div>
   <div class='ocr_carea' id='block_1_25' title="bbox 592 1684 1298 1823">
    <p class='ocr_par' dir='ltr' id='par_1_25' title="bbox 592 1684 1298 1823">
     <span class='ocr_line' id='line_1_26' title="bbox 592 1684 863 1741; baseline 0.007 -3"><span class='ocrx_word' id='word_1_131' title='bbox 592 1684 713 1740; x_wconf 86' lang='lat' dir='ltr'><strong>Vat.</strong></span> <span class='ocrx_word' id='word_1_132' title='bbox 731 1684 808 1741; x_wconf 73' lang='grc' dir='ltr'>Ἀ.</span> <span class='ocrx_word' id='word_1_133' title='bbox 857 1684 863 1686; x_wconf 52' lang='grc'>⁷</span> 
     </span>
     <span class='ocr_line' id='line_1_27' title="bbox 659 1754 1298 1823; baseline -0.006 -11"><span class='ocrx_word' id='word_1_134' title='bbox 659 1754 750 1812; x_wconf 84' lang='grc'>58.</span> <span class='ocrx_word' id='word_1_135' title='bbox 777 1755 969 1823; x_wconf 83' lang='lat' dir='ltr'><strong>Nivali,</strong></span> <span class='ocrx_word' id='word_1_136' title='bbox 995 1755 1232 1818; x_wconf 83' lang='lat' dir='ltr'><strong>candido,</strong></span> <span class='ocrx_word' id='word_1_137' title='bbox 1259 1755 1298 1810; x_wconf 91' lang='grc' dir='ltr'>Ι.</span> 
     </span>
    </p>
   </div>
   <div class='ocr_carea' id='block_1_26' title="bbox 627 1823 2165 1906">
    <p class='ocr_par' dir='ltr' id='par_1_26' title="bbox 627 1823 2165 1906">
     <span class='ocr_line' id='line_1_28' title="bbox 627 1823 2165 1906; baseline -0.003 -25"><span class='ocrx_word' id='word_1_138' title='bbox 627 1896 639 1906; x_wconf 38' lang='grc' dir='ltr'><strong>ο</strong></span> <span class='ocrx_word' id='word_1_139' title='bbox 656 1826 746 1881; x_wconf 91' lang='lat'><strong>59.</strong></span> <span class='ocrx_word' id='word_1_140' title='bbox 772 1825 1036 1906; x_wconf 73' lang='lat' dir='ltr'><strong>superne,</strong></span> <span class='ocrx_word' id='word_1_141' title='bbox 1063 1827 1299 1896; x_wconf 86' lang='lat' dir='ltr'><strong>desuper,</strong></span> <span class='ocrx_word' id='word_1_142' title='bbox 1329 1823 1917 1896; x_wconf 66' lang='lat' dir='ltr'><strong>adverbium—Tingit,</strong></span> <span class='ocrx_word' id='word_1_143' title='bbox 1942 1824 2165 1887; x_wconf 81' lang='lat' dir='ltr'><strong>colorat;</strong></span> 
     </span>
    </p>
   </div>
   <div class='ocr_carea' id='block_1_27' title="bbox 587 1895 2166 2037">
    <p class='ocr_par' dir='ltr' id='par_1_27' title="bbox 587 1895 2166 2037">
     <span class='ocr_line' id='line_1_29' title="bbox 587 1895 2166 2037; baseline 0.003 -17"><span class='ocrx_word' id='word_1_144' title='bbox 587 1895 958 2032; x_wconf 36' lang='lat' dir='ltr'><strong>Picigr‘lb’ltltsci,</strong></span> <span class='ocrx_word' id='word_1_145' title='bbox 983 1967 1297 2031; x_wconf 86' lang='lat' dir='ltr'><strong>viriditates,</strong></span> <span class='ocrx_word' id='word_1_146' title='bbox 1338 1967 1460 2023; x_wconf 90' lang='lat' dir='ltr'><strong>Vat.</strong></span> <span class='ocrx_word' id='word_1_147' title='bbox 1494 1967 1559 2022; x_wconf 85' lang='lat' dir='ltr'><strong>A.</strong></span> <span class='ocrx_word' id='word_1_148' title='bbox 1612 1968 1716 2036; x_wconf 77' lang='lat' dir='ltr'><strong>Qui</strong></span> <span class='ocrx_word' id='word_1_149' title='bbox 1753 1967 1822 2021; x_wconf 87' lang='lat' dir='ltr'><strong>ibi</strong></span> <span class='ocrx_word' id='word_1_150' title='bbox 1842 1967 1964 2037; x_wconf 88' lang='lat' dir='ltr'><strong>picti</strong></span> <span class='ocrx_word' id='word_1_151' title='bbox 2003 1977 2166 2024; x_wconf 87' lang='lat' dir='ltr'><strong>erant.</strong></span> 
     </span>
    </p>
   </div>
   <div class='ocr_carea' id='block_1_28' title="bbox 587 2036 2171 2105">
    <p class='ocr_par' dir='ltr' id='par_1_28' title="bbox 587 2036 2171 2105">
     <span class='ocr_line' id='line_1_30' title="bbox 587 2036 2171 2105; baseline -0.001 -13"><span class='ocrx_word' id='word_1_152' title='bbox 587 2065 656 2079; x_wconf 89' lang='lat'><strong>——</strong></span> <span class='ocrx_word' id='word_1_153' title='bbox 687 2036 969 2105; x_wconf 91' lang='lat' dir='ltr'><strong>Relucent,</strong></span> <span class='ocrx_word' id='word_1_154' title='bbox 989 2055 1053 2094; x_wconf 77' lang='lat' dir='ltr'><strong>ea:</strong></span> <span class='ocrx_word' id='word_1_155' title='bbox 1075 2055 1228 2103; x_wconf 88' lang='lat' dir='ltr'><strong>auro,</strong></span> <span class='ocrx_word' id='word_1_156' title='bbox 1262 2039 1305 2094; x_wconf 80' lang='grc' dir='ltr'>Ι.</span> <span class='ocrx_word' id='word_1_157' title='bbox 1334 2067 1406 2080; x_wconf 91' lang='lat'><strong>-—</strong></span> <span class='ocrx_word' id='word_1_158' title='bbox 1430 2038 1658 2103; x_wconf 80' lang='lat' dir='ltr'><strong>Aurum,</strong></span> <span class='ocrx_word' id='word_1_159' title='bbox 1688 2055 1752 2093; x_wconf 79' lang='lat' dir='ltr'><strong>ea:</strong></span> <span class='ocrx_word' id='word_1_160' title='bbox 1780 2036 1976 2104; x_wconf 86' lang='lat' dir='ltr'><strong>musco,</strong></span> <span class='ocrx_word' id='word_1_161' title='bbox 1996 2037 2036 2091; x_wconf 93' lang='lat' dir='ltr'><strong>l.</strong></span> <span class='ocrx_word' id='word_1_162' title='bbox 2069 2039 2171 2092; x_wconf 87' lang='lat' dir='ltr'><strong>La-</strong></span> 
     </span>
    </p>
   </div>
   <div class='ocr_carea' id='block_1_29' title="bbox 2274 1262 3414 1336">
    <p class='ocr_par' dir='ltr' id='par_1_29' title="bbox 2274 1262 3414 1336">
     <span class='ocr_line' id='line_1_31' title="bbox 2274 1262 3414 1336; baseline 0.004 -22"><span class='ocrx_word' id='word_1_163' title='bbox 2274 1262 2426 1336; x_wconf 62' lang='lat' dir='ltr'><strong>mina;</strong></span> <span class='ocrx_word' id='word_1_164' title='bbox 2450 1277 2622 1336; x_wconf 73' lang='lat' dir='ltr'><strong>aureae</strong></span> <span class='ocrx_word' id='word_1_165' title='bbox 2637 1264 2802 1333; x_wconf 64' lang='lat' dir='ltr'><strong>amarae</strong></span> <span class='ocrx_word' id='word_1_166' title='bbox 2822 1264 3170 1336; x_wconf 80' lang='lat' dir='ltr'><strong>laquearibus,</strong></span> <span class='ocrx_word' id='word_1_167' title='bbox 3197 1265 3318 1319; x_wconf 86' lang='lat' dir='ltr'><strong>Vat.</strong></span> <span class='ocrx_word' id='word_1_168' title='bbox 3346 1265 3414 1320; x_wconf 79' lang='grc' dir='ltr'>Δ.</span> 
     </span>
    </p>
   </div>
   <div class='ocr_carea' id='block_1_30' title="bbox 2342 1333 3826 1407">
    <p class='ocr_par' dir='ltr' id='par_1_30' title="bbox 2342 1333 3826 1407">
     <span class='ocr_line' id='line_1_32' title="bbox 2342 1333 3826 1407; baseline 0.003 -21"><span class='ocrx_word' id='word_1_169' title='bbox 2342 1333 2436 1386; x_wconf 75' lang='grc' dir='ltr'>Η.</span> <span class='ocrx_word' id='word_1_170' title='bbox 2498 1333 3120 1407; x_wconf 44' lang='grc' dir='ltr'><strong>(Ζγεηςιιεᾳιιθίυὶτὶάὶε,</strong></span> <span class='ocrx_word' id='word_1_171' title='bbox 3170 1337 3402 1407; x_wconf 63' lang='lat' dir='ltr'><strong>vitreus;</strong></span> <span class='ocrx_word' id='word_1_172' title='bbox 3435 1333 3634 1390; x_wconf 73' lang='lat' dir='ltr'><strong>uiridis.</strong></span> <span class='ocrx_word' id='word_1_173' title='bbox 3677 1334 3826 1407; x_wconf 67' lang='lat' dir='ltr'><strong>Cycne</strong></span> 
     </span>
    </p>
   </div>
   <div class='ocr_carea' id='block_1_31' title="bbox 2273 1403 3824 1476">
    <p class='ocr_par' dir='ltr' id='par_1_31' title="bbox 2273 1403 3824 1476">
     <span class='ocr_line' id='line_1_33' title="bbox 2273 1403 3824 1476; baseline 0.003 -20"><span class='ocrx_word' id='word_1_174' title='bbox 2273 1419 2470 1476; x_wconf 84' lang='lat' dir='ltr'><strong>gemma</strong></span> <span class='ocrx_word' id='word_1_175' title='bbox 2510 1411 2582 1458; x_wconf 88' lang='lat' dir='ltr'><strong>est</strong></span> <span class='ocrx_word' id='word_1_176' title='bbox 2627 1403 2855 1476; x_wconf 73' lang='lat' dir='ltr'><strong>Scythia:</strong></span> <span class='ocrx_word' id='word_1_177' title='bbox 2893 1423 3206 1471; x_wconf 75' lang='lat' dir='ltr'><strong>coruscans;</strong></span> <span class='ocrx_word' id='word_1_178' title='bbox 3233 1406 3496 1460; x_wconf 78' lang='lat' dir='ltr'><strong>interdum</strong></span> <span class='ocrx_word' id='word_1_179' title='bbox 3524 1407 3683 1460; x_wconf 79' lang='lat' dir='ltr'><strong>nitore</strong></span> <span class='ocrx_word' id='word_1_180' title='bbox 3716 1403 3824 1474; x_wconf 61' lang='lat' dir='ltr'><strong>pura</strong></span> 
     </span>
    </p>
   </div>
   <div class='ocr_carea' id='block_1_32' title="bbox 2273 1474 3824 1539">
    <p class='ocr_par' dir='ltr' id='par_1_32' title="bbox 2273 1474 3824 1539">
     <span class='ocr_line' id='line_1_34' title="bbox 2273 1474 3824 1539; baseline 0.003 -13"><span class='ocrx_word' id='word_1_181' title='bbox 2273 1474 2366 1538; x_wconf 82' lang='lat' dir='ltr'><strong>est,</strong></span> <span class='ocrx_word' id='word_1_182' title='bbox 2400 1484 2447 1526; x_wconf 93' lang='lat' dir='ltr'><strong>et</strong></span> <span class='ocrx_word' id='word_1_183' title='bbox 2469 1474 3033 1539; x_wconf 78' lang='lat' dir='ltr'><strong>punctalis;interdunt</strong></span> <span class='ocrx_word' id='word_1_184' title='bbox 3069 1477 3378 1530; x_wconf 75' lang='lat' dir='ltr'><strong>micantibus</strong></span> <span class='ocrx_word' id='word_1_185' title='bbox 3417 1477 3611 1529; x_wconf 89' lang='lat' dir='ltr'><strong>auratis</strong></span> <span class='ocrx_word' id='word_1_186' title='bbox 3646 1478 3824 1532; x_wconf 79' lang='lat' dir='ltr'><strong>varians</strong></span> 
     </span>
    </p>
   </div>
   <div class='ocr_carea' id='block_1_33' title="bbox 2273 1546 3823 1615">
    <p class='ocr_par' dir='ltr' id='par_1_33' title="bbox 2273 1546 3823 1615">
     <span class='ocr_line' id='line_1_35' title="bbox 2273 1546 3823 1615; baseline 0.001 -17"><span class='ocrx_word' id='word_1_187' title='bbox 2273 1546 2552 1613; x_wconf 76' lang='lat' dir='ltr'><strong>punctulis.</strong></span> <span class='ocrx_word' id='word_1_188' title='bbox 2587 1575 2656 1587; x_wconf 98' lang='lat'><strong>—</strong></span> <span class='ocrx_word' id='word_1_189' title='bbox 2674 1546 2818 1602; x_wconf 89' lang='lat' dir='ltr'><strong>Ostri</strong></span> <span class='ocrx_word' id='word_1_190' title='bbox 2837 1588 2852 1611; x_wconf 91' lang='lat'><strong>,</strong></span> <span class='ocrx_word' id='word_1_191' title='bbox 2875 1548 3016 1600; x_wconf 86' lang='lat' dir='ltr'><strong>rubci</strong></span> <span class='ocrx_word' id='word_1_192' title='bbox 3045 1549 3231 1601; x_wconf 90' lang='lat' dir='ltr'><strong>coloris</strong></span> <span class='ocrx_word' id='word_1_193' title='bbox 3252 1563 3272 1601; x_wconf 90' lang='lat'><strong><em>:</em></strong></span> <span class='ocrx_word' id='word_1_194' title='bbox 3303 1557 3499 1601; x_wconf 87' lang='lat' dir='ltr'><strong>ostrum</strong></span> <span class='ocrx_word' id='word_1_195' title='bbox 3524 1562 3749 1615; x_wconf 70' lang='lat' dir='ltr'><strong>purpura</strong></span> <span class='ocrx_word' id='word_1_196' title='bbox 3766 1549 3823 1601; x_wconf 89' lang='lat' dir='ltr'><strong>li-</strong></span> 
     </span>
    </p>
   </div>
   <div class='ocr_carea' id='block_1_34' title="bbox 2271 1615 3824 1681">
    <p class='ocr_par' dir='ltr' id='par_1_34' title="bbox 2271 1615 3824 1681">
     <span class='ocr_line' id='line_1_36' title="bbox 2271 1615 3824 1681; baseline 0.003 -13"><span class='ocrx_word' id='word_1_197' title='bbox 2271 1631 2402 1680; x_wconf 83' lang='lat' dir='ltr'><strong>quor</strong></span> <span class='ocrx_word' id='word_1_198' title='bbox 2421 1615 2484 1668; x_wconf 91' lang='lat' dir='ltr'><strong>ab</strong></span> <span class='ocrx_word' id='word_1_199' title='bbox 2513 1623 2700 1680; x_wconf 78' lang='lat' dir='ltr'><strong>ostrea,</strong></span> <span class='ocrx_word' id='word_1_200' title='bbox 2723 1633 2837 1681; x_wconf 75' lang='lat' dir='ltr'><strong>qua:</strong></span> <span class='ocrx_word' id='word_1_201' title='bbox 2857 1617 3033 1673; x_wconf 75' lang='lat' dir='ltr'><strong>Greece</strong></span> <span class='ocrx_word' id='word_1_202' title='bbox 3063 1627 3189 1672; x_wconf 89' lang='lat' dir='ltr'><strong>testa</strong></span> <span class='ocrx_word' id='word_1_203' title='bbox 3227 1617 3434 1672; x_wconf 82' lang='lat' dir='ltr'><strong>dicitur.</strong></span> <span class='ocrx_word' id='word_1_204' title='bbox 3461 1615 3630 1676; x_wconf 76' lang='lat' dir='ltr'><strong>Genus</strong></span> <span class='ocrx_word' id='word_1_205' title='bbox 3650 1619 3824 1672; x_wconf 80' lang='lat' dir='ltr'><strong>muricis</strong></span> 
     </span>
    </p>
   </div>
   <div class='ocr_carea' id='block_1_35' title="bbox 2267 1685 3823 1773">
    <p class='ocr_par' dir='ltr' id='par_1_35' title="bbox 2267 1685 3823 1773">
     <span class='ocr_line' id='line_1_37' title="bbox 2267 1685 3823 1773; baseline 0.001 -33"><span class='ocrx_word' id='word_1_206' title='bbox 2267 1687 2617 1773; x_wconf 49' lang='lat' dir='ltr'><strong>bene‘olentis:</strong></span> <span class='ocrx_word' id='word_1_207' title='bbox 2651 1687 2691 1740; x_wconf 94' lang='grc' dir='ltr'>Ι.</span> <span class='ocrx_word' id='word_1_208' title='bbox 2722 1687 3003 1773; x_wconf 65' lang='lat' dir='ltr'><strong>Lazareus,</strong></span> <span class='ocrx_word' id='word_1_209' title='bbox 3045 1689 3125 1744; x_wconf 78' lang='lat' dir='ltr'><strong>vel</strong></span> <span class='ocrx_word' id='word_1_210' title='bbox 3147 1685 3646 1773; x_wconf 46' lang='grc' dir='ltr'><strong>ξηινρςινειυ,ῄνᾳιι</strong></span> <span class='ocrx_word' id='word_1_211' title='bbox 3669 1692 3728 1744; x_wconf 83' lang='grc' dir='ltr'>Δ.</span> <span class='ocrx_word' id='word_1_212' title='bbox 3753 1689 3823 1754; x_wconf 70' lang='lat' dir='ltr'><strong>Al-</strong></span> 
     </span>
    </p>
   </div>
   <div class='ocr_carea' id='block_1_36' title="bbox 2270 1755 3677 1840">
    <p class='ocr_par' dir='ltr' id='par_1_36' title="bbox 2270 1755 3677 1840">
     <span class='ocr_line' id='line_1_38' title="bbox 2270 1755 3677 1840; baseline 0.001 -29"><span class='ocrx_word' id='word_1_213' title='bbox 2270 1757 2537 1840; x_wconf 53' lang='lat' dir='ltr'><strong>bus-lapis,</strong></span> <span class='ocrx_word' id='word_1_214' title='bbox 2565 1758 2803 1840; x_wconf 40' lang='lat' dir='ltr'><strong>Manna</strong></span> <span class='ocrx_word' id='word_1_215' title='bbox 2834 1759 3114 1840; x_wconf 77' lang='lat' dir='ltr'><strong>Um_br:i_t_n,</strong></span> <span class='ocrx_word' id='word_1_216' title='bbox 3144 1755 3436 1840; x_wconf 66' lang='lat' dir='ltr'><strong>imaginem,</strong></span> <span class='ocrx_word' id='word_1_217' title='bbox 3469 1755 3589 1814; x_wconf 84' lang='lat' dir='ltr'><strong>Vat.</strong></span> 
     </span>
    </p>
   </div>
   <div class='ocr_carea' id='block_1_37' title="bbox 2339 1827 3820 1906">
    <p class='ocr_par' dir='ltr' id='par_1_37' title="bbox 2339 1827 3820 1906">
     <span class='ocr_line' id='line_1_39' title="bbox 2339 1827 3820 1906; baseline 0.002 -26"><span class='ocrx_word' id='word_1_218' title='bbox 2339 1827 2428 1906; x_wconf 55' lang='grc' dir='ltr'><strong>ῥίς).</strong></span> <span class='ocrx_word' id='word_1_219' title='bbox 2457 1827 2666 1906; x_wconf 64' lang='lat' dir='ltr'><strong>Pastor,</strong></span> <span class='ocrx_word' id='word_1_220' title='bbox 2699 1827 2906 1906; x_wconf 75' lang='lat' dir='ltr'><strong>Petrus,</strong></span> <span class='ocrx_word' id='word_1_221' title='bbox 2929 1829 2996 1896; x_wconf 94' lang='lat' dir='ltr'><strong>l.,</strong></span> <span class='ocrx_word' id='word_1_222' title='bbox 3021 1830 3141 1906; x_wconf 76' lang='lat' dir='ltr'><strong>Vat.</strong></span> <span class='ocrx_word' id='word_1_223' title='bbox 3177 1827 3318 1884; x_wconf 61' lang='grc' dir='ltr'><strong>Ᾱέ-</strong></span> <span class='ocrx_word' id='word_1_224' title='bbox 3343 1829 3562 1899; x_wconf 79' lang='lat' dir='ltr'><strong>Rigore,</strong></span> <span class='ocrx_word' id='word_1_225' title='bbox 3591 1831 3766 1906; x_wconf 75' lang='lat' dir='ltr'><strong>algore.</strong></span> <span class='ocrx_word' id='word_1_226' title='bbox 3787 1828 3820 1885; x_wconf 93' lang='lat' dir='ltr'><strong>l.</strong></span> 
     </span>
    </p>
   </div>
   <div class='ocr_carea' id='block_1_38' title="bbox 2339 1896 3196 1968">
    <p class='ocr_par' dir='ltr' id='par_1_38' title="bbox 2339 1896 3196 1968">
     <span class='ocr_line' id='line_1_40' title="bbox 2339 1896 3196 1968; baseline 0.006 -16"><span class='ocrx_word' id='word_1_227' title='bbox 2339 1896 2428 1952; x_wconf 74' lang='grc'><strong>44.</strong></span> <span class='ocrx_word' id='word_1_228' title='bbox 2459 1898 2706 1968; x_wconf 85' lang='lat' dir='ltr'><strong>Fluenta,</strong></span> <span class='ocrx_word' id='word_1_229' title='bbox 2741 1901 3047 1966; x_wconf 84' lang='lat' dir='ltr'><strong>doctrinam,</strong></span> <span class='ocrx_word' id='word_1_230' title='bbox 3072 1901 3111 1956; x_wconf 94' lang='grc'>1.</span> <span class='ocrx_word' id='word_1_231' title='bbox 3189 1945 3196 1950; x_wconf 93' lang='grc'><strong>.</strong></span> 
     </span>
    </p>
   </div>
   <div class='ocr_carea' id='block_1_39' title="bbox 2341 1967 3814 2094">
    <p class='ocr_par' dir='ltr' id='par_1_39' title="bbox 2341 1967 3814 2094">
     <span class='ocr_line' id='line_1_41' title="bbox 2341 1967 3814 2094; baseline 0.002 -73"><span class='ocrx_word' id='word_1_232' title='bbox 2341 1968 2436 2092; x_wconf 46' lang='grc' dir='ltr'><strong>τῇ</strong></span> <span class='ocrx_word' id='word_1_233' title='bbox 2463 1967 2744 2094; x_wconf 68' lang='lat' dir='ltr'><strong>Dstilensis,</strong></span> <span class='ocrx_word' id='word_1_234' title='bbox 2783 1970 3101 2039; x_wconf 85' lang='lat' dir='ltr'><strong>Portuensis,</strong></span> <span class='ocrx_word' id='word_1_235' title='bbox 3126 1972 3189 2027; x_wconf 91' lang='lat' dir='ltr'><strong>ab</strong></span> <span class='ocrx_word' id='word_1_236' title='bbox 3221 1970 3367 2026; x_wconf 85' lang='lat' dir='ltr'><strong>Ostia</strong></span> <span class='ocrx_word' id='word_1_237' title='bbox 3395 1984 3414 2025; x_wconf 88' lang='lat'><strong><em>:</em></strong></span> <span class='ocrx_word' id='word_1_238' title='bbox 3438 1970 3700 2042; x_wconf 84' lang='lat' dir='ltr'><strong>praprium</strong></span> <span class='ocrx_word' id='word_1_239' title='bbox 3740 1987 3814 2026; x_wconf 88' lang='lat' dir='ltr'><strong>no-</strong></span> 
     </span>
     <span class='ocr_line' id='line_1_42' title="bbox 2341 2055 2610 2094; baseline 0 -1"><span class='ocrx_word' id='word_1_240' title='bbox 2341 2055 2355 2093; x_wconf 72' lang='grc' dir='ltr'>ε</span> <span class='ocrx_word' id='word_1_241' title='bbox 2440 2055 2540 2094; x_wconf 79' lang='lat' dir='ltr'><strong>oci.</strong></span> <span class='ocrx_word' id='word_1_242' title='bbox 2599 2081 2610 2093; x_wconf 95' lang='lat'><strong>.</strong></span> 
     </span>
    </p>
   </div>
   <div class='ocr_carea' id='block_1_40' title="bbox 2275 2055 2610 2106">
    <p class='ocr_par' dir='ltr' id='par_1_40' title="bbox 2275 2055 2610 2106">
     <span class='ocr_line' id='line_1_43' title="bbox 2275 2055 2610 2106; baseline 0.006 -14"><span class='ocrx_word' id='word_1_243' title='bbox 2275 2055 2392 2093; x_wconf 86' lang='lat' dir='ltr'><strong>men</strong></span> <span class='ocrx_word' id='word_1_244' title='bbox 2417 2055 2540 2106; x_wconf 77' lang='lat' dir='ltr'><strong>ioci,</strong></span> <span class='ocrx_word' id='word_1_245' title='bbox 2573 2055 2610 2094; x_wconf 89' lang='grc' dir='ltr'>ι.</span> 
     </span>
    </p>
   </div>
   <div class='ocr_carea' id='block_1_41' title="bbox 1929 2149 2486 2208">
    <p class='ocr_par' dir='ltr' id='par_1_41' title="bbox 1929 2149 2486 2208">
     <span class='ocr_line' id='line_1_44' title="bbox 1929 2149 2486 2208; baseline -0.005 -1"><span class='ocrx_word' id='word_1_246' title='bbox 1929 2149 2486 2208; x_wconf 79' lang='lat' dir='ltr'><strong>COMMENTARIUS.</strong></span> 
     </span>
    </p>
   </div>
   <div class='ocr_carea' id='block_1_42' title="bbox 589 2241 2164 2315">
    <p class='ocr_par' dir='ltr' id='par_1_42' title="bbox 589 2241 2164 2315">
     <span class='ocr_line' id='line_1_45' title="bbox 589 2241 2164 2315; baseline -0.004 -12"><span class='ocrx_word' id='word_1_247' title='bbox 589 2255 700 2303; x_wconf 93' lang='lat' dir='ltr'><strong>tres</strong></span> <span class='ocrx_word' id='word_1_248' title='bbox 728 2250 972 2315; x_wconf 87' lang='lat' dir='ltr'><strong>erupisse</strong></span> <span class='ocrx_word' id='word_1_249' title='bbox 1014 2246 1066 2300; x_wconf 94' lang='lat' dir='ltr'><strong>in</strong></span> <span class='ocrx_word' id='word_1_250' title='bbox 1097 2252 1268 2315; x_wconf 87' lang='lat' dir='ltr'><strong>morte</strong></span> <span class='ocrx_word' id='word_1_251' title='bbox 1315 2242 1373 2315; x_wconf 78' lang='grc'><strong>8.</strong></span> <span class='ocrx_word' id='word_1_252' title='bbox 1407 2241 1556 2315; x_wconf 82' lang='lat' dir='ltr'><strong>Pauli</strong></span> <span class='ocrx_word' id='word_1_253' title='bbox 1586 2241 1862 2315; x_wconf 76' lang='lat' dir='ltr'><strong>memoria:</strong></span> <span class='ocrx_word' id='word_1_254' title='bbox 1898 2241 2164 2315; x_wconf 91' lang='lat' dir='ltr'><strong>proditum</strong></span> 
     </span>
    </p>
   </div>
   <div class='ocr_carea' id='block_1_43' title="bbox 589 2312 2165 2384">
    <p class='ocr_par' dir='ltr' id='par_1_43' title="bbox 589 2312 2165 2384">
     <span class='ocr_line' id='line_1_46' title="bbox 589 2312 2165 2384; baseline -0.003 -11"><span class='ocrx_word' id='word_1_255' title='bbox 589 2330 693 2373; x_wconf 88' lang='lat' dir='ltr'><strong>est.</strong></span> <span class='ocrx_word' id='word_1_256' title='bbox 745 2312 1165 2372; x_wconf 55' lang='lat' dir='ltr'><strong>At&#39;Prudentius</strong></span> <span class='ocrx_word' id='word_1_257' title='bbox 1209 2313 1446 2383; x_wconf 86' lang='lat' dir='ltr'><strong>loquitur</strong></span> <span class='ocrx_word' id='word_1_258' title='bbox 1491 2313 1559 2367; x_wconf 90' lang='lat' dir='ltr'><strong>de</strong></span> <span class='ocrx_word' id='word_1_259' title='bbox 1580 2312 1734 2384; x_wconf 70' lang='lat' dir='ltr'><strong>fonte</strong></span> <span class='ocrx_word' id='word_1_260' title='bbox 1770 2314 1859 2384; x_wconf 89' lang='lat' dir='ltr'><strong>qui</strong></span> <span class='ocrx_word' id='word_1_261' title='bbox 1903 2314 1958 2367; x_wconf 91' lang='lat' dir='ltr'><strong>in</strong></span> <span class='ocrx_word' id='word_1_262' title='bbox 1986 2323 2165 2368; x_wconf 90' lang='lat' dir='ltr'><strong>monte</strong></span> 
     </span>
    </p>
   </div>
   <div class='ocr_carea' id='block_1_44' title="bbox 591 2383 2167 2453">
    <p class='ocr_par' dir='ltr' id='par_1_44' title="bbox 591 2383 2167 2453">
     <span class='ocr_line' id='line_1_47' title="bbox 591 2383 2167 2453; baseline -0.001 -13"><span class='ocrx_word' id='word_1_263' title='bbox 591 2389 770 2444; x_wconf 91' lang='lat' dir='ltr'><strong>vicino</strong></span> <span class='ocrx_word' id='word_1_264' title='bbox 798 2387 1140 2443; x_wconf 89' lang='lat' dir='ltr'><strong>scaturiebat.</strong></span> <span class='ocrx_word' id='word_1_265' title='bbox 1168 2386 1478 2447; x_wconf 84' lang='lat' dir='ltr'><strong>Peveratus,</strong></span> <span class='ocrx_word' id='word_1_266' title='bbox 1501 2383 1734 2453; x_wconf 87' lang='lat' dir='ltr'><strong>quicum</strong></span> <span class='ocrx_word' id='word_1_267' title='bbox 1763 2383 1988 2438; x_wconf 86' lang='lat' dir='ltr'><strong>Baronio</strong></span> <span class='ocrx_word' id='word_1_268' title='bbox 2017 2393 2167 2453; x_wconf 82' lang='lat' dir='ltr'><strong>putat</strong></span> 
     </span>
    </p>
   </div>
   <div class='ocr_carea' id='block_1_45' title="bbox 590 2453 2166 2524">
    <p class='ocr_par' dir='ltr' id='par_1_45' title="bbox 590 2453 2166 2524">
     <span class='ocr_line' id='line_1_48' title="bbox 590 2453 2166 2524; baseline -0.003 -11"><span class='ocrx_word' id='word_1_269' title='bbox 590 2474 893 2514; x_wconf 88' lang='lat' dir='ltr'><strong>sermonem</strong></span> <span class='ocrx_word' id='word_1_270' title='bbox 925 2472 1044 2513; x_wconf 92' lang='lat' dir='ltr'><strong>esse</strong></span> <span class='ocrx_word' id='word_1_271' title='bbox 1087 2459 1154 2514; x_wconf 91' lang='lat' dir='ltr'><strong>de</strong></span> <span class='ocrx_word' id='word_1_272' title='bbox 1180 2456 1328 2512; x_wconf 83' lang='lat' dir='ltr'><strong>fonte</strong></span> <span class='ocrx_word' id='word_1_273' title='bbox 1357 2453 1682 2524; x_wconf 89' lang='lat' dir='ltr'><strong>baptismali,</strong></span> <span class='ocrx_word' id='word_1_274' title='bbox 1713 2453 1841 2524; x_wconf 86' lang='lat' dir='ltr'><strong>legit</strong></span> <span class='ocrx_word' id='word_1_275' title='bbox 1869 2456 2081 2523; x_wconf 79' lang='lat' dir='ltr'><strong>fontem,</strong></span> <span class='ocrx_word' id='word_1_276' title='bbox 2111 2464 2166 2509; x_wconf 92' lang='lat' dir='ltr'><strong>et</strong></span> 
     </span>
    </p>
   </div>
   <div class='ocr_carea' id='block_1_46' title="bbox 595 2525 2162 2598">
    <p class='ocr_par' dir='ltr' id='par_1_46' title="bbox 595 2525 2162 2598">
     <span class='ocr_line' id='line_1_49' title="bbox 595 2525 2162 2598; baseline -0.003 -15"><span class='ocrx_word' id='word_1_277' title='bbox 595 2539 742 2594; x_wconf 87' lang='lat' dir='ltr'><strong>putat</strong></span> <span class='ocrx_word' id='word_1_278' title='bbox 766 2544 888 2584; x_wconf 92' lang='lat' dir='ltr'><strong>eum</strong></span> <span class='ocrx_word' id='word_1_279' title='bbox 913 2544 1034 2584; x_wconf 92' lang='lat' dir='ltr'><strong>cum</strong></span> <span class='ocrx_word' id='word_1_280' title='bbox 1077 2530 1190 2598; x_wconf 86' lang='lat' dir='ltr'><strong>ipso</strong></span> <span class='ocrx_word' id='word_1_281' title='bbox 1215 2525 1527 2598; x_wconf 73' lang='lat' dir='ltr'><strong>cmmeterio</strong></span> <span class='ocrx_word' id='word_1_282' title='bbox 1561 2525 1780 2598; x_wconf 74' lang='lat' dir='ltr'><strong>omnino</strong></span> <span class='ocrx_word' id='word_1_283' title='bbox 1807 2526 2162 2598; x_wconf 85' lang='lat' dir='ltr'><strong>destructum,</strong></span> 
     </span>
    </p>
   </div>
   <div class='ocr_carea' id='block_1_47' title="bbox 592 2595 2164 2665">
    <p class='ocr_par' dir='ltr' id='par_1_47' title="bbox 592 2595 2164 2665">
     <span class='ocr_line' id='line_1_50' title="bbox 592 2595 2164 2665; baseline -0.002 -12"><span class='ocrx_word' id='word_1_284' title='bbox 592 2601 663 2654; x_wconf 87' lang='lat' dir='ltr'><strong>ita</strong></span> <span class='ocrx_word' id='word_1_285' title='bbox 695 2610 752 2654; x_wconf 89' lang='lat' dir='ltr'><strong>ut</strong></span> <span class='ocrx_word' id='word_1_286' title='bbox 780 2601 940 2658; x_wconf 80' lang='lat' dir='ltr'><strong>nullae</strong></span> <span class='ocrx_word' id='word_1_287' title='bbox 969 2595 1238 2665; x_wconf 72' lang='lat' dir='ltr'><strong>supersint</strong></span> <span class='ocrx_word' id='word_1_288' title='bbox 1267 2597 1527 2661; x_wconf 70' lang='lat' dir='ltr'><strong>reliquiae,</strong></span> <span class='ocrx_word' id='word_1_289' title='bbox 1555 2596 1655 2650; x_wconf 90' lang='lat' dir='ltr'><strong>nisi</strong></span> <span class='ocrx_word' id='word_1_290' title='bbox 1695 2595 1832 2651; x_wconf 82' lang='lat' dir='ltr'><strong>forte</strong></span> <span class='ocrx_word' id='word_1_291' title='bbox 1859 2597 1998 2665; x_wconf 92' lang='lat' dir='ltr'><strong>quod</strong></span> <span class='ocrx_word' id='word_1_292' title='bbox 2024 2598 2164 2652; x_wconf 86' lang='lat' dir='ltr'><strong>circa</strong></span> 
     </span>
    </p>
   </div>
   <div class='ocr_carea' id='block_1_48' title="bbox 594 2666 2165 2738">
    <p class='ocr_par' dir='ltr' id='par_1_48' title="bbox 594 2666 2165 2738">
     <span class='ocr_line' id='line_1_51' title="bbox 594 2666 2165 2738; baseline 0 -16"><span class='ocrx_word' id='word_1_293' title='bbox 594 2671 906 2734; x_wconf 85' lang='lat' dir='ltr'><strong>posterioris</strong></span> <span class='ocrx_word' id='word_1_294' title='bbox 933 2668 1258 2738; x_wconf 86' lang='lat' dir='ltr'><strong>crepidinem</strong></span> <span class='ocrx_word' id='word_1_295' title='bbox 1288 2666 1509 2736; x_wconf 71' lang='lat' dir='ltr'><strong>:ipsidis,</strong></span> <span class='ocrx_word' id='word_1_296' title='bbox 1541 2675 1596 2720; x_wconf 90' lang='lat' dir='ltr'><strong>et</strong></span> <span class='ocrx_word' id='word_1_297' title='bbox 1614 2667 1718 2722; x_wconf 90' lang='lat' dir='ltr'><strong>sub</strong></span> <span class='ocrx_word' id='word_1_298' title='bbox 1736 2681 1873 2738; x_wconf 69' lang='lat' dir='ltr'><strong>arere</strong></span> <span class='ocrx_word' id='word_1_299' title='bbox 1896 2668 2165 2722; x_wconf 71' lang='lat' dir='ltr'><strong>Vaticana:</strong></span> 
     </span>
    </p>
   </div>
   <div class='ocr_carea' id='block_1_49' title="bbox 592 2737 2168 2810">
    <p class='ocr_par' dir='ltr' id='par_1_49' title="bbox 592 2737 2168 2810">
     <span class='ocr_line' id='line_1_52' title="bbox 592 2737 2168 2810; baseline -0.002 -15"><span class='ocrx_word' id='word_1_300' title='bbox 592 2740 885 2810; x_wconf 86' lang='lat' dir='ltr'><strong>porticibus</strong></span> <span class='ocrx_word' id='word_1_301' title='bbox 928 2737 1220 2794; x_wconf 84' lang='lat' dir='ltr'><strong>etiamnum</strong></span> <span class='ocrx_word' id='word_1_302' title='bbox 1259 2752 1517 2810; x_wconf 84' lang='lat' dir='ltr'><strong>aquarum</strong></span> <span class='ocrx_word' id='word_1_303' title='bbox 1543 2737 1917 2810; x_wconf 58' lang='lat' dir='ltr'><strong>scaturigines</strong></span> <span class='ocrx_word' id='word_1_304' title='bbox 1957 2739 2168 2807; x_wconf 85' lang='lat' dir='ltr'><strong>conspi-</strong></span> 
     </span>
    </p>
   </div>
   <div class='ocr_carea' id='block_1_50' title="bbox 592 2807 2167 2879">
    <p class='ocr_par' dir='ltr' id='par_1_50' title="bbox 592 2807 2167 2879">
     <span class='ocr_line' id='line_1_53' title="bbox 592 2807 2167 2879; baseline -0.003 -13"><span class='ocrx_word' id='word_1_305' title='bbox 592 2807 806 2866; x_wconf 81' lang='lat' dir='ltr'><strong>cinntur</strong></span> <span class='ocrx_word' id='word_1_306' title='bbox 825 2825 1047 2874; x_wconf 87' lang='lat' dir='ltr'><strong>quarum</strong></span> <span class='ocrx_word' id='word_1_307' title='bbox 1069 2811 1272 2879; x_wconf 89' lang='lat' dir='ltr'><strong>aliquot</strong></span> <span class='ocrx_word' id='word_1_308' title='bbox 1297 2809 1349 2863; x_wconf 88' lang='lat' dir='ltr'><strong>in</strong></span> <span class='ocrx_word' id='word_1_309' title='bbox 1376 2807 1804 2878; x_wconf 84' lang='lat' dir='ltr'><strong>limpidissimum</strong></span> <span class='ocrx_word' id='word_1_310' title='bbox 1827 2808 2027 2865; x_wconf 78' lang='lat' dir='ltr'><strong>fontem</strong></span> <span class='ocrx_word' id='word_1_311' title='bbox 2047 2825 2167 2864; x_wconf 87' lang='lat' dir='ltr'><strong>cor-</strong></span> 
     </span>
    </p>
   </div>
   <div class='ocr_carea' id='block_1_51' title="bbox 593 2879 2168 2948">
    <p class='ocr_par' dir='ltr' id='par_1_51' title="bbox 593 2879 2168 2948">
     <span class='ocr_line' id='line_1_54' title="bbox 593 2879 2168 2948; baseline -0.001 -13"><span class='ocrx_word' id='word_1_312' title='bbox 593 2881 784 2936; x_wconf 84' lang='lat' dir='ltr'><strong>rivavit</strong></span> <span class='ocrx_word' id='word_1_313' title='bbox 815 2880 1060 2936; x_wconf 88' lang='lat' dir='ltr'><strong>Urbanus</strong></span> <span class='ocrx_word' id='word_1_314' title='bbox 1088 2880 1222 2947; x_wconf 84' lang='lat' dir='ltr'><strong>VIII,</strong></span> <span class='ocrx_word' id='word_1_315' title='bbox 1274 2879 1627 2948; x_wconf 74' lang='lat' dir='ltr'><strong>versibusquo</strong></span> <span class='ocrx_word' id='word_1_316' title='bbox 1650 2881 1949 2944; x_wconf 78' lang='lat' dir='ltr'><strong>exornavit,</strong></span> <span class='ocrx_word' id='word_1_317' title='bbox 1996 2889 2046 2934; x_wconf 90' lang='lat' dir='ltr'><strong>et</strong></span> <span class='ocrx_word' id='word_1_318' title='bbox 2073 2894 2168 2948; x_wconf 50' lang='lat' dir='ltr'><strong>po:-</strong></span> 
     </span>
    </p>
   </div>
   <div class='ocr_carea' id='block_1_52' title="bbox 591 2949 2165 3021">
    <p class='ocr_par' dir='ltr' id='par_1_52' title="bbox 591 2949 2165 3021">
     <span class='ocr_line' id='line_1_55' title="bbox 591 2949 2165 3021; baseline 0.001 -17"><span class='ocrx_word' id='word_1_319' title='bbox 591 2964 703 3006; x_wconf 88' lang='lat' dir='ltr'><strong>stea</strong></span> <span class='ocrx_word' id='word_1_320' title='bbox 738 2952 854 3006; x_wconf 81' lang='lat' dir='ltr'><strong>fons</strong></span> <span class='ocrx_word' id='word_1_321' title='bbox 883 2951 1084 3007; x_wconf 84' lang='lat' dir='ltr'><strong>Liberii</strong></span> <span class='ocrx_word' id='word_1_322' title='bbox 1113 2965 1283 3021; x_wconf 71' lang='lat' dir='ltr'><strong>papae,</strong></span> <span class='ocrx_word' id='word_1_323' title='bbox 1310 2965 1374 3005; x_wconf 92' lang='lat' dir='ltr'><strong>ac</strong></span> <span class='ocrx_word' id='word_1_324' title='bbox 1406 2949 1616 3004; x_wconf 83' lang='lat' dir='ltr'><strong>Damasi</strong></span> <span class='ocrx_word' id='word_1_325' title='bbox 1645 2949 1697 3004; x_wconf 92' lang='lat' dir='ltr'><strong>in</strong></span> <span class='ocrx_word' id='word_1_326' title='bbox 1724 2963 1902 3006; x_wconf 88' lang='lat' dir='ltr'><strong>aream</strong></span> <span class='ocrx_word' id='word_1_327' title='bbox 1927 2951 2165 3006; x_wconf 87' lang='lat' dir='ltr'><strong>Vaticani</strong></span> 
     </span>
    </p>
   </div>
   <div class='ocr_carea' id='block_1_53' title="bbox 592 3021 2163 3090">
    <p class='ocr_par' dir='ltr' id='par_1_53' title="bbox 592 3021 2163 3090">
     <span class='ocr_line' id='line_1_56' title="bbox 592 3021 2163 3090; baseline 0.001 -16"><span class='ocrx_word' id='word_1_328' title='bbox 592 3024 771 3090; x_wconf 88' lang='lat' dir='ltr'><strong>palatii</strong></span> <span class='ocrx_word' id='word_1_329' title='bbox 803 3023 870 3076; x_wconf 92' lang='lat' dir='ltr'><strong>ab</strong></span> <span class='ocrx_word' id='word_1_330' title='bbox 911 3023 1220 3077; x_wconf 89' lang='lat' dir='ltr'><strong>Innocentio</strong></span> <span class='ocrx_word' id='word_1_331' title='bbox 1249 3023 1294 3076; x_wconf 77' lang='grc' dir='ltr'><strong>Χ</strong></span> <span class='ocrx_word' id='word_1_332' title='bbox 1323 3021 1585 3076; x_wconf 87' lang='lat' dir='ltr'><strong>deductus</strong></span> <span class='ocrx_word' id='word_1_333' title='bbox 1620 3035 1686 3076; x_wconf 86' lang='lat' dir='ltr'><strong>ae</strong></span> <span class='ocrx_word' id='word_1_334' title='bbox 1713 3021 2042 3076; x_wconf 76' lang='lat' dir='ltr'><strong>instauratus</strong></span> <span class='ocrx_word' id='word_1_335' title='bbox 2061 3031 2163 3087; x_wconf 92' lang='lat' dir='ltr'><strong>est,</strong></span> 
     </span>
    </p>
   </div>
   <div class='ocr_carea' id='block_1_54' title="bbox 590 3089 2239 3190">
    <p class='ocr_par' dir='ltr' id='par_1_54' title="bbox 590 3089 2239 3190">
     <span class='ocr_line' id='line_1_57' title="bbox 590 3089 2239 3190; baseline 0 0"><span class='ocrx_word' id='word_1_336' title='bbox 590 3094 986 3190; x_wconf 60' lang='grc' dir='ltr'><strong>ξιἮείῗίθξῙΞῬ</strong></span> <span class='ocrx_word' id='word_1_337' title='bbox 1014 3093 1236 3190; x_wconf 52' lang='grc' dir='ltr'><strong>Ξῖῖἳτίῖ</strong></span> <span class='ocrx_word' id='word_1_338' title='bbox 1253 3089 2163 3190; x_wconf 40' lang='lat' dir='ltr'><strong>992‘199‘3-§3ff3...1.&quot;’.&#39;31&quot;9311-3?</strong></span> <span class='ocrx_word' id='word_1_339' title='bbox 2192 3125 2239 3190; x_wconf 94' lang='lat' dir='ltr'><strong>c</strong></span> 
     </span>
    </p>
   </div>
   <div class='ocr_carea' id='block_1_55' title="bbox 593 3162 2162 3234">
    <p class='ocr_par' dir='ltr' id='par_1_55' title="bbox 593 3162 2162 3234">
     <span class='ocr_line' id='line_1_58' title="bbox 593 3162 2162 3234; baseline 0 -18"><span class='ocrx_word' id='word_1_340' title='bbox 593 3165 786 3218; x_wconf 90' lang='lat' dir='ltr'><strong>lncntis</strong></span> <span class='ocrx_word' id='word_1_341' title='bbox 836 3165 1154 3234; x_wconf 87' lang='lat' dir='ltr'><strong>baptismate</strong></span> <span class='ocrx_word' id='word_1_342' title='bbox 1201 3162 1454 3234; x_wconf 73' lang='lat' dir='ltr'><strong>marmori</strong></span> <span class='ocrx_word' id='word_1_343' title='bbox 1484 3163 1900 3234; x_wconf 76' lang='lat' dir='ltr'><strong>exsculpendam</strong></span> <span class='ocrx_word' id='word_1_344' title='bbox 1937 3164 2162 3218; x_wconf 87' lang='lat' dir='ltr'><strong>curavit.</strong></span> 
     </span>
    </p>
   </div>
   <div class='ocr_carea' id='block_1_56' title="bbox 591 3232 2167 3302">
    <p class='ocr_par' dir='ltr' id='par_1_56' title="bbox 591 3232 2167 3302">
     <span class='ocr_line' id='line_1_59' title="bbox 591 3232 2167 3302; baseline 0.001 -16"><span class='ocrx_word' id='word_1_345' title='bbox 591 3234 787 3288; x_wconf 86' lang='lat' dir='ltr'><strong>Verum</strong></span> <span class='ocrx_word' id='word_1_346' title='bbox 822 3232 1051 3302; x_wconf 34' lang='lat' dir='ltr'><strong>hiciipse</strong></span> <span class='ocrx_word' id='word_1_347' title='bbox 1091 3234 1210 3289; x_wconf 78' lang='lat' dir='ltr'><strong>fons</strong></span> <span class='ocrx_word' id='word_1_348' title='bbox 1233 3233 1430 3288; x_wconf 77' lang='lat' dir='ltr'><strong>lel‘l&#39;ii</strong></span> <span class='ocrx_word' id='word_1_349' title='bbox 1460 3241 1515 3287; x_wconf 91' lang='lat' dir='ltr'><strong>et</strong></span> <span class='ocrx_word' id='word_1_350' title='bbox 1545 3232 1776 3296; x_wconf 83' lang='lat' dir='ltr'><strong>Damasi,</strong></span> <span class='ocrx_word' id='word_1_351' title='bbox 1815 3244 1870 3288; x_wconf 91' lang='lat' dir='ltr'><strong>et</strong></span> <span class='ocrx_word' id='word_1_352' title='bbox 1893 3251 1997 3288; x_wconf 88' lang='lat' dir='ltr'><strong>non</strong></span> <span class='ocrx_word' id='word_1_353' title='bbox 2031 3237 2167 3288; x_wconf 88' lang='lat' dir='ltr'><strong>alius</strong></span> 
     </span>
    </p>
   </div>
   <div class='ocr_carea' id='block_1_57' title="bbox 593 3303 2166 3372">
    <p class='ocr_par' dir='ltr' id='par_1_57' title="bbox 593 3303 2166 3372">
     <span class='ocr_line' id='line_1_60' title="bbox 593 3303 2166 3372; baseline 0.001 -14"><span class='ocrx_word' id='word_1_354' title='bbox 593 3304 923 3372; x_wconf 83' lang='lat' dir='ltr'><strong>baptismalis</strong></span> <span class='ocrx_word' id='word_1_355' title='bbox 948 3319 977 3358; x_wconf 90' lang='lat' dir='ltr'><strong>a</strong></span> <span class='ocrx_word' id='word_1_356' title='bbox 1007 3304 1297 3360; x_wconf 78' lang='lat' dir='ltr'><strong>Prudentia</strong></span> <span class='ocrx_word' id='word_1_357' title='bbox 1344 3315 1422 3358; x_wconf 92' lang='lat' dir='ltr'><strong>est</strong></span> <span class='ocrx_word' id='word_1_358' title='bbox 1463 3303 1785 3370; x_wconf 86' lang='lat' dir='ltr'><strong>descriptus.</strong></span> <span class='ocrx_word' id='word_1_359' title='bbox 1833 3304 2033 3360; x_wconf 81' lang='lat' dir='ltr'><strong>Versus</strong></span> <span class='ocrx_word' id='word_1_360' title='bbox 2061 3305 2166 3360; x_wconf 85' lang='lat' dir='ltr'><strong>Da-</strong></span> 
     </span>
    </p>
   </div>
   <div class='ocr_carea' id='block_1_58' title="bbox 594 3374 2164 3442">
    <p class='ocr_par' dir='ltr' id='par_1_58' title="bbox 594 3374 2164 3442">
     <span class='ocr_line' id='line_1_61' title="bbox 594 3374 2164 3442; baseline 0.003 -17"><span class='ocrx_word' id='word_1_361' title='bbox 594 3377 724 3429; x_wconf 88' lang='lat' dir='ltr'><strong>masi</strong></span> <span class='ocrx_word' id='word_1_362' title='bbox 756 3377 858 3442; x_wconf 86' lang='lat' dir='ltr'><strong>legi</strong></span> <span class='ocrx_word' id='word_1_363' title='bbox 885 3385 1104 3442; x_wconf 84' lang='lat' dir='ltr'><strong>possunt</strong></span> <span class='ocrx_word' id='word_1_364' title='bbox 1125 3380 1177 3429; x_wconf 91' lang='lat' dir='ltr'><strong>in</strong></span> <span class='ocrx_word' id='word_1_365' title='bbox 1197 3377 1314 3442; x_wconf 82' lang='lat' dir='ltr'><strong>ejus</strong></span> <span class='ocrx_word' id='word_1_366' title='bbox 1335 3374 1586 3442; x_wconf 81' lang='lat' dir='ltr'><strong>Operibus</strong></span> <span class='ocrx_word' id='word_1_367' title='bbox 1612 3382 1663 3429; x_wconf 89' lang='lat' dir='ltr'><strong>et</strong></span> <span class='ocrx_word' id='word_1_368' title='bbox 1684 3376 1822 3442; x_wconf 87' lang='lat' dir='ltr'><strong>apud</strong></span> <span class='ocrx_word' id='word_1_369' title='bbox 1849 3376 2164 3441; x_wconf 85' lang='lat' dir='ltr'><strong>Baronium;</strong></span> 
     </span>
    </p>
   </div>
   <div class='ocr_carea' id='block_1_59' title="bbox 595 3445 2170 3514">
    <p class='ocr_par' dir='ltr' id='par_1_59' title="bbox 595 3445 2170 3514">
     <span class='ocr_line' id='line_1_62' title="bbox 595 3445 2170 3514; baseline 0.003 -18"><span class='ocrx_word' id='word_1_370' title='bbox 595 3446 727 3499; x_wconf 87' lang='lat' dir='ltr'><strong>nihil</strong></span> <span class='ocrx_word' id='word_1_371' title='bbox 757 3447 898 3500; x_wconf 92' lang='lat' dir='ltr'><strong>enim</strong></span> <span class='ocrx_word' id='word_1_372' title='bbox 930 3446 1129 3500; x_wconf 80' lang='lat' dir='ltr'><strong>habent</strong></span> <span class='ocrx_word' id='word_1_373' title='bbox 1151 3461 1215 3500; x_wconf 90' lang='lat' dir='ltr'><strong>ex</strong></span> <span class='ocrx_word' id='word_1_374' title='bbox 1245 3460 1350 3514; x_wconf 90' lang='lat' dir='ltr'><strong>quo</strong></span> <span class='ocrx_word' id='word_1_375' title='bbox 1378 3445 1528 3514; x_wconf 88' lang='lat' dir='ltr'><strong>argui</strong></span> <span class='ocrx_word' id='word_1_376' title='bbox 1558 3445 1725 3512; x_wconf 86' lang='lat' dir='ltr'><strong>possit</strong></span> <span class='ocrx_word' id='word_1_377' title='bbox 1759 3445 1822 3500; x_wconf 91' lang='lat' dir='ltr'><strong>ad</strong></span> <span class='ocrx_word' id='word_1_378' title='bbox 1857 3449 2053 3502; x_wconf 74' lang='lat' dir='ltr'><strong>fontem</strong></span> <span class='ocrx_word' id='word_1_379' title='bbox 2077 3447 2170 3501; x_wconf 90' lang='lat' dir='ltr'><strong>ba-</strong></span> 
     </span>
    </p>
   </div>
   <div class='ocr_carea' id='block_1_60' title="bbox 594 3516 2168 3584">
    <p class='ocr_par' dir='ltr' id='par_1_60' title="bbox 594 3516 2168 3584">
     <span class='ocr_line' id='line_1_63' title="bbox 594 3516 2168 3584; baseline 0.003 -15"><span class='ocrx_word' id='word_1_380' title='bbox 594 3516 893 3583; x_wconf 84' lang='lat' dir='ltr'><strong>ptismalem</strong></span> <span class='ocrx_word' id='word_1_381' title='bbox 915 3516 1326 3573; x_wconf 87' lang='lat' dir='ltr'><strong>describendum</strong></span> <span class='ocrx_word' id='word_1_382' title='bbox 1350 3516 1515 3570; x_wconf 80' lang='lat' dir='ltr'><strong>fuisse</strong></span> <span class='ocrx_word' id='word_1_383' title='bbox 1535 3517 1879 3584; x_wconf 91' lang='lat' dir='ltr'><strong>compositos.</strong></span> <span class='ocrx_word' id='word_1_384' title='bbox 1908 3519 2168 3573; x_wconf 87' lang='lat' dir='ltr'><strong>Baronius</strong></span> 
     </span>
    </p>
   </div>
   <div class='ocr_carea' id='block_1_61' title="bbox 595 3585 2169 3657">
    <p class='ocr_par' dir='ltr' id='par_1_61' title="bbox 595 3585 2169 3657">
     <span class='ocr_line' id='line_1_64' title="bbox 595 3585 2169 3657; baseline 0.002 -17"><span class='ocrx_word' id='word_1_385' title='bbox 595 3589 710 3655; x_wconf 70' lang='lat' dir='ltr'><strong>ipse</strong></span> <span class='ocrx_word' id='word_1_386' title='bbox 753 3589 1043 3642; x_wconf 88' lang='lat' dir='ltr'><strong>assentitur</strong></span> <span class='ocrx_word' id='word_1_387' title='bbox 1070 3602 1101 3642; x_wconf 88' lang='lat' dir='ltr'><strong>a</strong></span> <span class='ocrx_word' id='word_1_388' title='bbox 1138 3587 1360 3641; x_wconf 78' lang='lat' dir='ltr'><strong>Paulino</strong></span> <span class='ocrx_word' id='word_1_389' title='bbox 1390 3585 1596 3640; x_wconf 87' lang='lat' dir='ltr'><strong>Nolano</strong></span> <span class='ocrx_word' id='word_1_390' title='bbox 1632 3587 1958 3657; x_wconf 81' lang='lat' dir='ltr'><strong>descriptum</strong></span> <span class='ocrx_word' id='word_1_391' title='bbox 2004 3588 2169 3644; x_wconf 78' lang='lat' dir='ltr'><strong>fuisse</strong></span> 
     </span>
    </p>
   </div>
   <div class='ocr_carea' id='block_1_62' title="bbox 593 3655 2166 3714">
    <p class='ocr_par' dir='ltr' id='par_1_62' title="bbox 593 3655 2166 3714">
     <span class='ocr_line' id='line_1_65' title="bbox 593 3655 2166 3714; baseline 0.003 -5"><span class='ocrx_word' id='word_1_392' title='bbox 593 3658 793 3712; x_wconf 67' lang='lat' dir='ltr'><strong>fontem</strong></span> <span class='ocrx_word' id='word_1_393' title='bbox 825 3659 944 3712; x_wconf 87' lang='lat' dir='ltr'><strong>atrii</strong></span> <span class='ocrx_word' id='word_1_394' title='bbox 977 3660 1209 3713; x_wconf 72' lang='lat' dir='ltr'><strong>basilica:</strong></span> <span class='ocrx_word' id='word_1_395' title='bbox 1239 3657 1527 3712; x_wconf 63' lang='lat' dir='ltr'><strong>Vaticanus.</strong></span> <span class='ocrx_word' id='word_1_396' title='bbox 1561 3655 2016 3714; x_wconf 46' lang='lat' dir='ltr'><strong>Paulinus&#39;autem</strong></span> <span class='ocrx_word' id='word_1_397' title='bbox 2044 3675 2166 3714; x_wconf 91' lang='lat' dir='ltr'><strong>cum</strong></span> 
     </span>
    </p>
   </div>
   <div class='ocr_carea' id='block_1_63' title="bbox 595 3727 2169 3785">
    <p class='ocr_par' dir='ltr' id='par_1_63' title="bbox 595 3727 2169 3785">
     <span class='ocr_line' id='line_1_66' title="bbox 595 3727 2169 3785; baseline 0.003 -5"><span class='ocrx_word' id='word_1_398' title='bbox 595 3727 886 3784; x_wconf 86' lang='lat' dir='ltr'><strong>Prudentio</strong></span> <span class='ocrx_word' id='word_1_399' title='bbox 915 3731 1049 3785; x_wconf 89' lang='lat' dir='ltr'><strong>mire</strong></span> <span class='ocrx_word' id='word_1_400' title='bbox 1077 3729 1365 3784; x_wconf 89' lang='lat' dir='ltr'><strong>consentit.</strong></span> <span class='ocrx_word' id='word_1_401' title='bbox 1417 3727 1580 3782; x_wconf 82' lang='lat' dir='ltr'><strong>Addit</strong></span> <span class='ocrx_word' id='word_1_402' title='bbox 1608 3729 1870 3783; x_wconf 88' lang='lat' dir='ltr'><strong>Baronius</strong></span> <span class='ocrx_word' id='word_1_403' title='bbox 1896 3731 2054 3784; x_wconf 87' lang='lat' dir='ltr'><strong>aliain</strong></span> <span class='ocrx_word' id='word_1_404' title='bbox 2087 3731 2169 3785; x_wconf 86' lang='lat' dir='ltr'><strong>in-</strong></span> 
     </span>
    </p>
   </div>
   <div class='ocr_carea' id='block_1_64' title="bbox 590 3799 2167 3868">
    <p class='ocr_par' dir='ltr' id='par_1_64' title="bbox 590 3799 2167 3868">
     <span class='ocr_line' id='line_1_67' title="bbox 590 3799 2167 3868; baseline 0.003 -16"><span class='ocrx_word' id='word_1_405' title='bbox 590 3802 936 3868; x_wconf 87' lang='lat' dir='ltr'><strong>scriptionem</strong></span> <span class='ocrx_word' id='word_1_406' title='bbox 969 3801 1202 3866; x_wconf 86' lang='lat' dir='ltr'><strong>Damasi,</strong></span> <span class='ocrx_word' id='word_1_407' title='bbox 1243 3800 1344 3854; x_wconf 78' lang='lat' dir='ltr'><strong>ubi</strong></span> <span class='ocrx_word' id='word_1_408' title='bbox 1383 3799 1582 3853; x_wconf 89' lang='lat' dir='ltr'><strong>clarior</strong></span> <span class='ocrx_word' id='word_1_409' title='bbox 1620 3799 1682 3854; x_wconf 81' lang='lat' dir='ltr'><strong>lit</strong></span> <span class='ocrx_word' id='word_1_410' title='bbox 1722 3801 1922 3856; x_wconf 89' lang='lat' dir='ltr'><strong>mentio</strong></span> <span class='ocrx_word' id='word_1_411' title='bbox 1963 3802 2167 3868; x_wconf 88' lang='lat' dir='ltr'><strong>baptis-</strong></span> 
     </span>
    </p>
   </div>
   <div class='ocr_carea' id='block_1_65' title="bbox 591 3870 2170 3936">
    <p class='ocr_par' dir='ltr' id='par_1_65' title="bbox 591 3870 2170 3936">
     <span class='ocr_line' id='line_1_68' title="bbox 591 3870 2170 3936; baseline 0.001 -13"><span class='ocrx_word' id='word_1_412' title='bbox 591 3873 779 3936; x_wconf 90' lang='lat' dir='ltr'><strong>matis;</strong></span> <span class='ocrx_word' id='word_1_413' title='bbox 825 3873 917 3926; x_wconf 65' lang='lat' dir='ltr'><strong>sed</strong></span> <span class='ocrx_word' id='word_1_414' title='bbox 951 3873 1169 3927; x_wconf 90' lang='lat' dir='ltr'><strong>minime</strong></span> <span class='ocrx_word' id='word_1_415' title='bbox 1209 3879 1415 3926; x_wconf 75' lang='lat' dir='ltr'><strong>consuat</strong></span> <span class='ocrx_word' id='word_1_416' title='bbox 1444 3884 1563 3924; x_wconf 89' lang='lat' dir='ltr'><strong>eam</strong></span> <span class='ocrx_word' id='word_1_417' title='bbox 1613 3870 1678 3924; x_wconf 85' lang='lat' dir='ltr'><strong>ad</strong></span> <span class='ocrx_word' id='word_1_418' title='bbox 1718 3871 1993 3926; x_wconf 87' lang='lat' dir='ltr'><strong>basilicam</strong></span> <span class='ocrx_word' id='word_1_419' title='bbox 2027 3872 2170 3926; x_wconf 86' lang='lat' dir='ltr'><strong>Vati-</strong></span> 
     </span>
    </p>
   </div>
   <div class='ocr_carea' id='block_1_66' title="bbox 590 3942 2169 4010">
    <p class='ocr_par' dir='ltr' id='par_1_66' title="bbox 590 3942 2169 4010">
     <span class='ocr_line' id='line_1_69' title="bbox 590 3942 2169 4010; baseline 0.004 -18"><span class='ocrx_word' id='word_1_420' title='bbox 590 3955 776 3995; x_wconf 88' lang='lat' dir='ltr'><strong>canam</strong></span> <span class='ocrx_word' id='word_1_421' title='bbox 812 3943 1100 4010; x_wconf 81' lang='lat' dir='ltr'><strong>pertinere.</strong></span> <span class='ocrx_word' id='word_1_422' title='bbox 1133 3945 1243 3997; x_wconf 89' lang='lat' dir='ltr'><strong>lino</strong></span> <span class='ocrx_word' id='word_1_423' title='bbox 1271 3942 1522 3996; x_wconf 74' lang='lat' dir='ltr'><strong>existimo</strong></span> <span class='ocrx_word' id='word_1_424' title='bbox 1551 3951 1793 4008; x_wconf 91' lang='lat' dir='ltr'><strong>tempore</strong></span> <span class='ocrx_word' id='word_1_425' title='bbox 1825 3943 2033 3996; x_wconf 88' lang='lat' dir='ltr'><strong>Damasi</strong></span> <span class='ocrx_word' id='word_1_426' title='bbox 2063 3959 2169 3998; x_wconf 93' lang='lat' dir='ltr'><strong>non</strong></span> 
     </span>
    </p>
   </div>
   <div class='ocr_carea' id='block_1_67' title="bbox 593 4011 2167 4081">
    <p class='ocr_par' dir='ltr' id='par_1_67' title="bbox 593 4011 2167 4081">
     <span class='ocr_line' id='line_1_70' title="bbox 593 4011 2167 4081; baseline 0.004 -20"><span class='ocrx_word' id='word_1_427' title='bbox 593 4012 734 4065; x_wconf 89' lang='lat' dir='ltr'><strong>aliud</strong></span> <span class='ocrx_word' id='word_1_428' title='bbox 765 4015 1036 4068; x_wconf 78' lang='lat' dir='ltr'><strong>exstitisse</strong></span> <span class='ocrx_word' id='word_1_429' title='bbox 1069 4013 1250 4067; x_wconf 65' lang='lat' dir='ltr'><strong>Romae</strong></span> <span class='ocrx_word' id='word_1_430' title='bbox 1283 4012 1552 4081; x_wconf 88' lang='lat' dir='ltr'><strong>publicum</strong></span> <span class='ocrx_word' id='word_1_431' title='bbox 1583 4011 1948 4080; x_wconf 78' lang='lat' dir='ltr'><strong>baptisterium</strong></span> <span class='ocrx_word' id='word_1_432' title='bbox 1979 4014 2079 4068; x_wconf 89' lang='lat' dir='ltr'><strong>nisi</strong></span> <span class='ocrx_word' id='word_1_433' title='bbox 2101 4016 2167 4068; x_wconf 89' lang='lat' dir='ltr'><strong>ad</strong></span> 
     </span>
    </p>
   </div>
   <div class='ocr_carea' id='block_1_68' title="bbox 594 4081 2165 4150">
    <p class='ocr_par' dir='ltr' id='par_1_68' title="bbox 594 4081 2165 4150">
     <span class='ocr_line' id='line_1_71' title="bbox 594 4081 2165 4150; baseline 0.002 -16"><span class='ocrx_word' id='word_1_434' title='bbox 594 4082 938 4150; x_wconf 75' lang='lat' dir='ltr'><strong>$.Joannem</strong></span> <span class='ocrx_word' id='word_1_435' title='bbox 971 4086 1313 4150; x_wconf 81' lang='lat' dir='ltr'><strong>Lateranum,</strong></span> <span class='ocrx_word' id='word_1_436' title='bbox 1364 4082 1505 4150; x_wconf 88' lang='lat' dir='ltr'><strong>quod</strong></span> <span class='ocrx_word' id='word_1_437' title='bbox 1553 4081 1714 4134; x_wconf 82' lang='lat' dir='ltr'><strong>unum</strong></span> <span class='ocrx_word' id='word_1_438' title='bbox 1767 4083 2002 4136; x_wconf 74' lang='lat' dir='ltr'><strong>nominat</strong></span> <span class='ocrx_word' id='word_1_439' title='bbox 2035 4083 2165 4137; x_wconf 57' lang='lat' dir='ltr'><strong>Pru.</strong></span> 
     </span>
    </p>
   </div>
   <div class='ocr_carea' id='block_1_69' title="bbox 591 4149 1998 4222">
    <p class='ocr_par' dir='ltr' id='par_1_69' title="bbox 591 4149 1998 4222">
     <span class='ocr_line' id='line_1_72' title="bbox 591 4149 1998 4222; baseline 0.001 -18"><span class='ocrx_word' id='word_1_440' title='bbox 591 4149 808 4205; x_wconf 88' lang='lat' dir='ltr'><strong>dentius</strong></span> <span class='ocrx_word' id='word_1_441' title='bbox 843 4154 933 4206; x_wconf 90' lang='lat' dir='ltr'><strong>lib.</strong></span> <span class='ocrx_word' id='word_1_442' title='bbox 967 4169 982 4205; x_wconf 87' lang='grc' dir='ltr'><strong>ι</strong></span> <span class='ocrx_word' id='word_1_443' title='bbox 1017 4162 1204 4206; x_wconf 89' lang='lat' dir='ltr'><strong>contra</strong></span> <span class='ocrx_word' id='word_1_444' title='bbox 1233 4149 1463 4222; x_wconf 33' lang='lat' dir='ltr'><strong>Sy&#39;mm.,</strong></span> <span class='ocrx_word' id='word_1_445' title='bbox 1497 4165 1642 4204; x_wconf 90' lang='lat' dir='ltr'><strong>vers.</strong></span> <span class='ocrx_word' id='word_1_446' title='bbox 1673 4153 1778 4207; x_wconf 84' lang='lat'><strong>586</strong></span> <span class='ocrx_word' id='word_1_447' title='bbox 1805 4163 1858 4206; x_wconf 92' lang='lat' dir='ltr'><strong>et</strong></span> <span class='ocrx_word' id='word_1_448' title='bbox 1883 4168 1998 4222; x_wconf 88' lang='lat' dir='ltr'><strong>seq.</strong></span> 
     </span>
    </p>
   </div>
   <div class='ocr_carea' id='block_1_70' title="bbox 661 4222 2170 4292">
    <p class='ocr_par' dir='ltr' id='par_1_70' title="bbox 661 4222 2170 4292">
     <span class='ocr_line' id='line_1_73' title="bbox 661 4222 2170 4292; baseline 0.001 -17"><span class='ocrx_word' id='word_1_449' title='bbox 661 4222 752 4276; x_wconf 84' lang='lat'><strong>55.</strong></span> <span class='ocrx_word' id='word_1_450' title='bbox 779 4222 926 4285; x_wconf 84' lang='lat' dir='ltr'><strong>Ald.,</strong></span> <span class='ocrx_word' id='word_1_451' title='bbox 958 4223 1090 4276; x_wconf 87' lang='lat' dir='ltr'><strong>Mar.</strong></span> <span class='ocrx_word' id='word_1_452' title='bbox 1113 4238 1142 4276; x_wconf 86' lang='lat' dir='ltr'><strong>a</strong></span> <span class='ocrx_word' id='word_1_453' title='bbox 1169 4225 1336 4291; x_wconf 87' lang='lat' dir='ltr'><strong>prima</strong></span> <span class='ocrx_word' id='word_1_454' title='bbox 1368 4236 1548 4287; x_wconf 87' lang='lat' dir='ltr'><strong>manu,</strong></span> <span class='ocrx_word' id='word_1_455' title='bbox 1572 4237 1835 4276; x_wconf 88' lang='lat' dir='ltr'><strong>murmura</strong></span> <span class='ocrx_word' id='word_1_456' title='bbox 1865 4241 1882 4277; x_wconf 87' lang='lat'><strong><em>:</em></strong></span> <span class='ocrx_word' id='word_1_457' title='bbox 1907 4224 2019 4292; x_wconf 88' lang='lat' dir='ltr'><strong>lege</strong></span> <span class='ocrx_word' id='word_1_458' title='bbox 2042 4241 2170 4279; x_wconf 84' lang='lat' dir='ltr'><strong>mar-</strong></span> 
     </span>
    </p>
   </div>
   <div class='ocr_carea' id='block_1_71' title="bbox 592 4292 2172 4363">
    <p class='ocr_par' dir='ltr' id='par_1_71' title="bbox 592 4292 2172 4363">
     <span class='ocr_line' id='line_1_74' title="bbox 592 4292 2172 4363; baseline 0.003 -19"><span class='ocrx_word' id='word_1_459' title='bbox 592 4307 760 4347; x_wconf 89' lang='lat' dir='ltr'><strong>mora.</strong></span> <span class='ocrx_word' id='word_1_460' title='bbox 786 4292 911 4357; x_wconf 85' lang='lat' dir='ltr'><strong>Ox.,</strong></span> <span class='ocrx_word' id='word_1_461' title='bbox 945 4294 1258 4363; x_wconf 78' lang='lat' dir='ltr'><strong>lubricatque</strong></span> <span class='ocrx_word' id='word_1_462' title='bbox 1278 4294 1440 4356; x_wconf 87' lang='lat' dir='ltr'><strong>clivo;</strong></span> <span class='ocrx_word' id='word_1_463' title='bbox 1469 4293 1521 4346; x_wconf 89' lang='lat' dir='ltr'><strong>id</strong></span> <span class='ocrx_word' id='word_1_464' title='bbox 1552 4302 1636 4346; x_wconf 86' lang='lat' dir='ltr'><strong>est</strong></span> <span class='ocrx_word' id='word_1_465' title='bbox 1663 4293 1839 4360; x_wconf 90' lang='lat' dir='ltr'><strong>liquor</strong></span> <span class='ocrx_word' id='word_1_466' title='bbox 1865 4294 1982 4348; x_wconf 86' lang='lat' dir='ltr'><strong>ﬂuit</strong></span> <span class='ocrx_word' id='word_1_467' title='bbox 2007 4294 2172 4350; x_wconf 90' lang='lat' dir='ltr'><strong>lubri-</strong></span> 
     </span>
    </p>
   </div>
   <div class='ocr_carea' id='block_1_72' title="bbox 590 4363 2171 4433">
    <p class='ocr_par' dir='ltr' id='par_1_72' title="bbox 590 4363 2171 4433">
     <span class='ocr_line' id='line_1_75' title="bbox 590 4363 2171 4433; baseline 0.001 -16"><span class='ocrx_word' id='word_1_468' title='bbox 590 4376 687 4417; x_wconf 90' lang='lat' dir='ltr'><strong>cus</strong></span> <span class='ocrx_word' id='word_1_469' title='bbox 718 4377 812 4432; x_wconf 89' lang='lat' dir='ltr'><strong>per</strong></span> <span class='ocrx_word' id='word_1_470' title='bbox 835 4363 1053 4418; x_wconf 90' lang='lat' dir='ltr'><strong>clivum.</strong></span> <span class='ocrx_word' id='word_1_471' title='bbox 1085 4364 1240 4417; x_wconf 79' lang='lat' dir='ltr'><strong>Aliud</strong></span> <span class='ocrx_word' id='word_1_472' title='bbox 1272 4365 1488 4417; x_wconf 81' lang='lat' dir='ltr'><strong>lubricat</strong></span> <span class='ocrx_word' id='word_1_473' title='bbox 1515 4364 1700 4416; x_wconf 85' lang='lat' dir='ltr'><strong>clivum</strong></span> <span class='ocrx_word' id='word_1_474' title='bbox 1732 4365 2013 4433; x_wconf 83' lang='lat' dir='ltr'><strong>signiﬁcat,</strong></span> <span class='ocrx_word' id='word_1_475' title='bbox 2066 4367 2171 4421; x_wconf 78' lang='lat' dir='ltr'><strong>sci-</strong></span> 
     </span>
    </p>
   </div>
   <div class='ocr_carea' id='block_1_73' title="bbox 590 4434 1774 4490">
    <p class='ocr_par' dir='ltr' id='par_1_73' title="bbox 590 4434 1774 4490">
     <span class='ocr_line' id='line_1_76' title="bbox 590 4434 1774 4490; baseline 0.003 -4"><span class='ocrx_word' id='word_1_476' title='bbox 590 4435 716 4488; x_wconf 89' lang='lat' dir='ltr'><strong>licet</strong></span> <span class='ocrx_word' id='word_1_477' title='bbox 741 4435 810 4490; x_wconf 92' lang='lat' dir='ltr'><strong>ab</strong></span> <span class='ocrx_word' id='word_1_478' title='bbox 841 4435 1065 4490; x_wconf 90' lang='lat' dir='ltr'><strong>humore</strong></span> <span class='ocrx_word' id='word_1_479' title='bbox 1086 4435 1280 4488; x_wconf 86' lang='lat' dir='ltr'><strong>clivum</strong></span> <span class='ocrx_word' id='word_1_480' title='bbox 1311 4435 1569 4490; x_wconf 88' lang='lat' dir='ltr'><strong>lubricum</strong></span> <span class='ocrx_word' id='word_1_481' title='bbox 1603 4434 1774 4489; x_wconf 88' lang='lat' dir='ltr'><strong>reddi.</strong></span> 
     </span>
    </p>
   </div>
   <div class='ocr_carea' id='block_1_74' title="bbox 2273 2242 3823 2315">
    <p class='ocr_par' dir='ltr' id='par_1_74' title="bbox 2273 2242 3823 2315">
     <span class='ocr_line' id='line_1_77' title="bbox 2273 2242 3823 2315; baseline 0.003 -20"><span class='ocrx_word' id='word_1_482' title='bbox 2273 2242 2377 2297; x_wconf 92' lang='lat' dir='ltr'><strong>lem</strong></span> <span class='ocrx_word' id='word_1_483' title='bbox 2407 2243 2526 2298; x_wconf 88' lang='lat' dir='ltr'><strong>sive</strong></span> <span class='ocrx_word' id='word_1_484' title='bbox 2555 2243 2950 2315; x_wconf 67' lang='lat' dir='ltr'><strong>aquaeductum.</strong></span> <span class='ocrx_word' id='word_1_485' title='bbox 2984 2243 3233 2314; x_wconf 85' lang='lat' dir='ltr'><strong>Ugutioni</strong></span> <span class='ocrx_word' id='word_1_486' title='bbox 3265 2243 3665 2315; x_wconf 85' lang='lat' dir='ltr'><strong>colymbusest</strong></span> <span class='ocrx_word' id='word_1_487' title='bbox 3686 2242 3823 2300; x_wconf 77' lang='lat' dir='ltr'><strong>herba</strong></span> 
     </span>
    </p>
   </div>
   <div class='ocr_carea' id='block_1_75' title="bbox 2270 2313 3822 2389">
    <p class='ocr_par' dir='ltr' id='par_1_75' title="bbox 2270 2313 3822 2389">
     <span class='ocr_line' id='line_1_78' title="bbox 2270 2313 3822 2389; baseline 0.001 -23"><span class='ocrx_word' id='word_1_488' title='bbox 2270 2326 2526 2389; x_wconf 64' lang='lat' dir='ltr'><strong>crescens</strong></span> <span class='ocrx_word' id='word_1_489' title='bbox 2552 2313 2606 2389; x_wconf 79' lang='lat' dir='ltr'><strong>in</strong></span> <span class='ocrx_word' id='word_1_490' title='bbox 2635 2329 2810 2389; x_wconf 74' lang='lat' dir='ltr'><strong>aqua,</strong></span> <span class='ocrx_word' id='word_1_491' title='bbox 2863 2315 2945 2389; x_wconf 82' lang='lat' dir='ltr'><strong>vel</strong></span> <span class='ocrx_word' id='word_1_492' title='bbox 2998 2313 3212 2389; x_wconf 78' lang='lat' dir='ltr'><strong>thyrsus</strong></span> <span class='ocrx_word' id='word_1_493' title='bbox 3242 2313 3444 2389; x_wconf 80' lang='lat' dir='ltr'><strong>virens,</strong></span> <span class='ocrx_word' id='word_1_494' title='bbox 3491 2314 3573 2370; x_wconf 90' lang='lat' dir='ltr'><strong>vel</strong></span> <span class='ocrx_word' id='word_1_495' title='bbox 3599 2316 3822 2389; x_wconf 67' lang='lat' dir='ltr'><strong>aqugedu-</strong></span> 
     </span>
    </p>
   </div>
   <div class='ocr_carea' id='block_1_76' title="bbox 2273 2383 3823 2454">
    <p class='ocr_par' dir='ltr' id='par_1_76' title="bbox 2273 2383 3823 2454">
     <span class='ocr_line' id='line_1_79' title="bbox 2273 2383 3823 2454; baseline -0.001 -18"><span class='ocrx_word' id='word_1_496' title='bbox 2273 2392 2408 2437; x_wconf 91' lang='lat' dir='ltr'><strong>ctus.</strong></span> <span class='ocrx_word' id='word_1_497' title='bbox 2443 2383 2566 2437; x_wconf 85' lang='lat' dir='ltr'><strong>Mihi</strong></span> <span class='ocrx_word' id='word_1_498' title='bbox 2599 2384 2809 2439; x_wconf 75' lang='lat' dir='ltr'><strong>videtur</strong></span> <span class='ocrx_word' id='word_1_499' title='bbox 2837 2383 3116 2454; x_wconf 80' lang='lat' dir='ltr'><strong>colymbus</strong></span> <span class='ocrx_word' id='word_1_500' title='bbox 3136 2401 3256 2441; x_wconf 89' lang='lat' dir='ltr'><strong>esse</strong></span> <span class='ocrx_word' id='word_1_501' title='bbox 3285 2388 3506 2448; x_wconf 74' lang='lat' dir='ltr'><strong>notatio,</strong></span> <span class='ocrx_word' id='word_1_502' title='bbox 3569 2383 3675 2439; x_wconf 79' lang='lat' dir='ltr'><strong>sive</strong></span> <span class='ocrx_word' id='word_1_503' title='bbox 3702 2383 3823 2438; x_wconf 72' lang='lat' dir='ltr'><strong>locus</strong></span> 
     </span>
    </p>
   </div>
   <div class='ocr_carea' id='block_1_77' title="bbox 2271 2456 3820 2527">
    <p class='ocr_par' dir='ltr' id='par_1_77' title="bbox 2271 2456 3820 2527">
     <span class='ocr_line' id='line_1_80' title="bbox 2271 2456 3820 2527; baseline 0.001 -19"><span class='ocrx_word' id='word_1_504' title='bbox 2271 2462 2370 2527; x_wconf 79' lang='lat' dir='ltr'><strong>aut</strong></span> <span class='ocrx_word' id='word_1_505' title='bbox 2390 2463 2636 2527; x_wconf 75' lang='lat' dir='ltr'><strong>stagnum</strong></span> <span class='ocrx_word' id='word_1_506' title='bbox 2668 2456 2924 2527; x_wconf 89' lang='lat' dir='ltr'><strong>natatio_ni</strong></span> <span class='ocrx_word' id='word_1_507' title='bbox 2957 2466 3169 2527; x_wconf 87' lang='lat' dir='ltr'><strong>aptum;</strong></span> <span class='ocrx_word' id='word_1_508' title='bbox 3219 2466 3272 2512; x_wconf 92' lang='lat' dir='ltr'><strong>et</strong></span> <span class='ocrx_word' id='word_1_509' title='bbox 3291 2456 3629 2511; x_wconf 89' lang='lat' dir='ltr'><strong>consentiunt</strong></span> <span class='ocrx_word' id='word_1_510' title='bbox 3657 2457 3820 2527; x_wconf 64' lang='lat' dir='ltr'><strong>gloss:</strong></span> 
     </span>
    </p>
   </div>
   <div class='ocr_carea' id='block_1_78' title="bbox 2271 2523 3822 2588">
    <p class='ocr_par' dir='ltr' id='par_1_78' title="bbox 2271 2523 3822 2588">
     <span class='ocr_line' id='line_1_81' title="bbox 2271 2523 3822 2588; baseline 0.002 -11"><span class='ocrx_word' id='word_1_511' title='bbox 2271 2524 2456 2577; x_wconf 68' lang='lat' dir='ltr'><strong>lsidoxi</strong></span> <span class='ocrx_word' id='word_1_512' title='bbox 2483 2540 2496 2577; x_wconf 90' lang='lat'>:</span> <span class='ocrx_word' id='word_1_513' title='bbox 2530 2523 2824 2588; x_wconf 72' lang='lat' dir='ltr'><strong>Colgmbus,</strong></span> <span class='ocrx_word' id='word_1_514' title='bbox 2853 2523 3017 2580; x_wconf 74' lang='lat' dir='ltr'><strong>Locus</strong></span> <span class='ocrx_word' id='word_1_515' title='bbox 3047 2529 3132 2582; x_wconf 87' lang='lat' dir='ltr'><strong>ubi</strong></span> <span class='ocrx_word' id='word_1_516' title='bbox 3156 2537 3310 2582; x_wconf 83' lang='lat' dir='ltr'><strong>vestes</strong></span> <span class='ocrx_word' id='word_1_517' title='bbox 3341 2523 3678 2580; x_wconf 50' lang='lat' dir='ltr'><strong>mandantur:</strong></span> <span class='ocrx_word' id='word_1_518' title='bbox 3693 2526 3822 2580; x_wconf 57' lang='lat' dir='ltr'><strong>Lamo</strong></span> 
     </span>
    </p>
   </div>
   <div class='ocr_carea' id='block_1_79' title="bbox 2273 2595 3823 2667">
    <p class='ocr_par' dir='ltr' id='par_1_79' title="bbox 2273 2595 3823 2667">
     <span class='ocr_line' id='line_1_82' title="bbox 2273 2595 3823 2667; baseline 0.002 -21"><span class='ocrx_word' id='word_1_519' title='bbox 2273 2595 2475 2667; x_wconf 85' lang='lat' dir='ltr'><strong>pridius</strong></span> <span class='ocrx_word' id='word_1_520' title='bbox 2504 2595 2555 2649; x_wconf 92' lang='lat' dir='ltr'><strong>in</strong></span> <span class='ocrx_word' id='word_1_521' title='bbox 2603 2595 2719 2650; x_wconf 90' lang='lat' dir='ltr'><strong>Vita</strong></span> <span class='ocrx_word' id='word_1_522' title='bbox 2764 2597 3089 2666; x_wconf 80' lang='lat' dir='ltr'><strong>Heliogabali</strong></span> <span class='ocrx_word' id='word_1_523' title='bbox 3117 2617 3129 2651; x_wconf 86' lang='lat'><strong>:</strong></span> <span class='ocrx_word' id='word_1_524' title='bbox 3158 2598 3377 2652; x_wconf 75' lang='lat' dir='ltr'><strong>Marina:</strong></span> <span class='ocrx_word' id='word_1_525' title='bbox 3411 2612 3560 2667; x_wconf 68' lang='lat' dir='ltr'><strong>aqua!</strong></span> <span class='ocrx_word' id='word_1_526' title='bbox 3597 2596 3823 2667; x_wconf 61' lang='lat' dir='ltr'><strong>columbas</strong></span> 
     </span>
    </p>
   </div>
   <div class='ocr_carea' id='block_1_80' title="bbox 2271 2665 3824 2734">
    <p class='ocr_par' dir='ltr' id='par_1_80' title="bbox 2271 2665 3824 2734">
     <span class='ocr_line' id='line_1_83' title="bbox 2271 2665 3824 2734; baseline 0.002 -16"><span class='ocrx_word' id='word_1_527' title='bbox 2271 2665 2498 2718; x_wconf 81' lang='lat' dir='ltr'><strong>exhibuit</strong></span> <span class='ocrx_word' id='word_1_528' title='bbox 2524 2667 2578 2720; x_wconf 89' lang='lat' dir='ltr'><strong>in</strong></span> <span class='ocrx_word' id='word_1_529' title='bbox 2610 2665 2992 2722; x_wconf 81' lang='lat' dir='ltr'><strong>mediterraneis</strong></span> <span class='ocrx_word' id='word_1_530' title='bbox 3018 2668 3142 2722; x_wconf 87' lang='lat' dir='ltr'><strong>locis</strong></span> <span class='ocrx_word' id='word_1_531' title='bbox 3186 2685 3204 2722; x_wconf 92' lang='lat'><strong><em>:</em></strong></span> <span class='ocrx_word' id='word_1_532' title='bbox 3255 2669 3358 2723; x_wconf 89' lang='lat' dir='ltr'><strong>hoc</strong></span> <span class='ocrx_word' id='word_1_533' title='bbox 3387 2665 3472 2723; x_wconf 84' lang='lat' dir='ltr'><strong>est</strong></span> <span class='ocrx_word' id='word_1_534' title='bbox 3521 2665 3760 2734; x_wconf 75' lang='lat' dir='ltr'><strong>piscinam</strong></span> <span class='ocrx_word' id='word_1_535' title='bbox 3783 2675 3824 2721; x_wconf 87' lang='lat' dir='ltr'><strong>et</strong></span> 
     </span>
    </p>
   </div>
   <div class='ocr_carea' id='block_1_81' title="bbox 2273 2736 3824 2808">
    <p class='ocr_par' dir='ltr' id='par_1_81' title="bbox 2273 2736 3824 2808">
     <span class='ocr_line' id='line_1_84' title="bbox 2273 2736 3824 2808; baseline 0.001 -19"><span class='ocrx_word' id='word_1_536' title='bbox 2273 2736 2622 2804; x_wconf 91' lang='lat' dir='ltr'><strong>natationem,</strong></span> <span class='ocrx_word' id='word_1_537' title='bbox 2653 2746 2710 2792; x_wconf 91' lang='lat' dir='ltr'><strong>ut</strong></span> <span class='ocrx_word' id='word_1_538' title='bbox 2735 2739 2964 2808; x_wconf 77' lang='lat' dir='ltr'><strong>explicat</strong></span> <span class='ocrx_word' id='word_1_539' title='bbox 2994 2739 3302 2808; x_wconf 74' lang='lat' dir='ltr'><strong>salmasius.</strong></span> <span class='ocrx_word' id='word_1_540' title='bbox 3338 2739 3544 2808; x_wconf 87' lang='lat' dir='ltr'><strong>Lupins</strong></span> <span class='ocrx_word' id='word_1_541' title='bbox 3571 2739 3622 2792; x_wconf 90' lang='lat' dir='ltr'><strong>in</strong></span> <span class='ocrx_word' id='word_1_542' title='bbox 3652 2738 3824 2808; x_wconf 83' lang='lat' dir='ltr'><strong>disser-</strong></span> 
     </span>
    </p>
   </div>
   <div class='ocr_carea' id='block_1_82' title="bbox 2274 2807 3822 2878">
    <p class='ocr_par' dir='ltr' id='par_1_82' title="bbox 2274 2807 3822 2878">
     <span class='ocr_line' id='line_1_85' title="bbox 2274 2807 3822 2878; baseline 0.001 -19"><span class='ocrx_word' id='word_1_543' title='bbox 2274 2809 2472 2861; x_wconf 88' lang='lat' dir='ltr'><strong>tatione</strong></span> <span class='ocrx_word' id='word_1_544' title='bbox 2517 2808 2585 2862; x_wconf 82' lang='lat' dir='ltr'><strong>de</strong></span> <span class='ocrx_word' id='word_1_545' title='bbox 2633 2807 2955 2878; x_wconf 83' lang='lat' dir='ltr'><strong>baptisteriis</strong></span> <span class='ocrx_word' id='word_1_546' title='bbox 3015 2807 3370 2873; x_wconf 88' lang='lat' dir='ltr'><strong>Christianis,</strong></span> <span class='ocrx_word' id='word_1_547' title='bbox 3423 2807 3529 2864; x_wconf 83' lang='lat' dir='ltr'><strong>etsi</strong></span> <span class='ocrx_word' id='word_1_548' title='bbox 3581 2807 3822 2862; x_wconf 87' lang='lat' dir='ltr'><strong>Prudentii</strong></span> 
     </span>
    </p>
   </div>
   <div class='ocr_carea' id='block_1_83' title="bbox 2274 2878 3822 2946">
    <p class='ocr_par' dir='ltr' id='par_1_83' title="bbox 2274 2878 3822 2946">
     <span class='ocr_line' id='line_1_86' title="bbox 2274 2878 3822 2946; baseline 0.001 -17"><span class='ocrx_word' id='word_1_549' title='bbox 2274 2878 2436 2931; x_wconf 89' lang='lat' dir='ltr'><strong>verba</strong></span> <span class='ocrx_word' id='word_1_550' title='bbox 2459 2878 2718 2946; x_wconf 88' lang='lat' dir='ltr'><strong>intelligat</strong></span> <span class='ocrx_word' id='word_1_551' title='bbox 2746 2880 2812 2936; x_wconf 91' lang='lat' dir='ltr'><strong>de</strong></span> <span class='ocrx_word' id='word_1_552' title='bbox 2834 2880 3148 2943; x_wconf 87' lang='lat' dir='ltr'><strong>baptisterio</strong></span> <span class='ocrx_word' id='word_1_553' title='bbox 3171 2881 3449 2944; x_wconf 91' lang='lat' dir='ltr'><strong>Vaticano,</strong></span> <span class='ocrx_word' id='word_1_554' title='bbox 3483 2891 3656 2932; x_wconf 91' lang='lat' dir='ltr'><strong>tamen</strong></span> <span class='ocrx_word' id='word_1_555' title='bbox 3683 2878 3822 2931; x_wconf 86' lang='lat' dir='ltr'><strong>multa</strong></span> 
     </span>
    </p>
   </div>
   <div class='ocr_carea' id='block_1_84' title="bbox 2272 2948 3822 3021">
    <p class='ocr_par' dir='ltr' id='par_1_84' title="bbox 2272 2948 3822 3021">
     <span class='ocr_line' id='line_1_87' title="bbox 2272 2948 3822 3021; baseline 0.001 -20"><span class='ocrx_word' id='word_1_556' title='bbox 2272 2949 2426 3002; x_wconf 80' lang='lat' dir='ltr'><strong>aﬂ&#39;crt</strong></span> <span class='ocrx_word' id='word_1_557' title='bbox 2455 2964 2520 3021; x_wconf 85' lang='lat' dir='ltr'><strong>ex</strong></span> <span class='ocrx_word' id='word_1_558' title='bbox 2552 2952 2744 3019; x_wconf 90' lang='lat' dir='ltr'><strong>quibus</strong></span> <span class='ocrx_word' id='word_1_559' title='bbox 2773 2948 3229 3021; x_wconf 12' lang='lat' dir='ltr'><strong>argttiticolymbos</strong></span> <span class='ocrx_word' id='word_1_560' title='bbox 3251 2961 3305 3007; x_wconf 92' lang='lat' dir='ltr'><strong>et</strong></span> <span class='ocrx_word' id='word_1_561' title='bbox 3329 2950 3822 3021; x_wconf 73' lang='lat' dir='ltr'><strong>colymbethras,_se_u</strong></span> 
     </span>
    </p>
   </div>
   <div class='ocr_carea' id='block_1_85' title="bbox 2276 3016 3822 3088">
    <p class='ocr_par' dir='ltr' id='par_1_85' title="bbox 2276 3016 3822 3088">
     <span class='ocr_line' id='line_1_88' title="bbox 2276 3016 3822 3088; baseline -0.001 -14"><span class='ocrx_word' id='word_1_562' title='bbox 2276 3016 2897 3088; x_wconf 57' lang='lat' dir='ltr'><strong>natatorias&#39;promiscue</strong></span> <span class='ocrx_word' id='word_1_563' title='bbox 2941 3020 3008 3074; x_wconf 92' lang='lat' dir='ltr'><strong>de</strong></span> <span class='ocrx_word' id='word_1_564' title='bbox 3049 3016 3272 3077; x_wconf 76' lang='lat' dir='ltr'><strong>iavacris</strong></span> <span class='ocrx_word' id='word_1_565' title='bbox 3321 3016 3489 3076; x_wconf 76' lang='lat' dir='ltr'><strong>sacris</strong></span> <span class='ocrx_word' id='word_1_566' title='bbox 3529 3031 3582 3074; x_wconf 90' lang='lat' dir='ltr'><strong>et</strong></span> <span class='ocrx_word' id='word_1_567' title='bbox 3614 3016 3822 3086; x_wconf 83' lang='lat' dir='ltr'><strong>profanis</strong></span> 
     </span>
    </p>
   </div>
   <div class='ocr_carea' id='block_1_86' title="bbox 2273 3089 3821 3216">
    <p class='ocr_par' dir='ltr' id='par_1_86' title="bbox 2273 3089 3821 3216">
     <span class='ocr_line' id='line_1_89' title="bbox 2273 3089 3821 3216; baseline -0.001 -74"><span class='ocrx_word' id='word_1_568' title='bbox 2273 3091 2768 3216; x_wconf 46' lang='lat' dir='ltr'><strong>:licibconsuevisse.</strong></span> <span class='ocrx_word' id='word_1_569' title='bbox 2804 3092 2908 3146; x_wconf 91' lang='lat' dir='ltr'><strong>Pro</strong></span> <span class='ocrx_word' id='word_1_570' title='bbox 2943 3090 3203 3162; x_wconf 82' lang='lat' dir='ltr'><strong>colymbus</strong></span> <span class='ocrx_word' id='word_1_571' title='bbox 3230 3092 3473 3148; x_wconf 91' lang='lat' dir='ltr'><strong>nonnulli</strong></span> <span class='ocrx_word' id='word_1_572' title='bbox 3502 3089 3728 3146; x_wconf 89' lang='lat' dir='ltr'><strong>scribunt</strong></span> <span class='ocrx_word' id='word_1_573' title='bbox 3754 3098 3821 3142; x_wconf 76' lang='lat' dir='ltr'><strong>col</strong></span> 
     </span>
     <span class='ocr_line' id='line_1_90' title="bbox 2298 3174 2496 3215; baseline 0.015 -3"><span class='ocrx_word' id='word_1_574' title='bbox 2298 3179 2364 3214; x_wconf 87' lang='lat' dir='ltr'><strong>un</strong></span> <span class='ocrx_word' id='word_1_575' title='bbox 2416 3174 2496 3215; x_wconf 89' lang='lat' dir='ltr'><strong>us.</strong></span> 
     </span>
    </p>
   </div>
   <div class='ocr_carea' id='block_1_87' title="bbox 2298 3174 2496 3215">
    <p class='ocr_par' dir='ltr' id='par_1_87' title="bbox 2298 3174 2496 3215">
     <span class='ocr_line' id='line_1_91' title="bbox 2298 3174 2496 3215; baseline 0.015 -3"><span class='ocrx_word' id='word_1_576' title='bbox 2298 3174 2496 3215; x_wconf 80' lang='lat' dir='ltr'><strong>ambus.</strong></span> 
     </span>
    </p>
   </div>
   <div class='ocr_carea' id='block_1_88' title="bbox 2344 3231 3816 3304">
    <p class='ocr_par' dir='ltr' id='par_1_88' title="bbox 2344 3231 3816 3304">
     <span class='ocr_line' id='line_1_92' title="bbox 2344 3231 3816 3304; baseline -0.004 -16"><span class='ocrx_word' id='word_1_577' title='bbox 2344 3233 2432 3288; x_wconf 81' lang='lat'><strong>57.</strong></span> <span class='ocrx_word' id='word_1_578' title='bbox 2464 3235 2518 3288; x_wconf 92' lang='lat' dir='ltr'><strong>ln</strong></span> <span class='ocrx_word' id='word_1_579' title='bbox 2543 3233 2718 3289; x_wconf 91' lang='lat' dir='ltr'><strong>medio</strong></span> <span class='ocrx_word' id='word_1_580' title='bbox 2748 3232 2837 3288; x_wconf 93' lang='lat' dir='ltr'><strong>illo</strong></span> <span class='ocrx_word' id='word_1_581' title='bbox 2865 3239 3073 3303; x_wconf 87' lang='lat' dir='ltr'><strong>stagno,</strong></span> <span class='ocrx_word' id='word_1_582' title='bbox 3107 3247 3200 3288; x_wconf 93' lang='lat' dir='ltr'><strong>seu</strong></span> <span class='ocrx_word' id='word_1_583' title='bbox 3229 3231 3433 3288; x_wconf 86' lang='lat' dir='ltr'><strong>concha</strong></span> <span class='ocrx_word' id='word_1_584' title='bbox 3456 3273 3472 3298; x_wconf 92' lang='lat'><strong>,</strong></span> <span class='ocrx_word' id='word_1_585' title='bbox 3522 3238 3575 3286; x_wconf 90' lang='lat' dir='ltr'><strong>et</strong></span> <span class='ocrx_word' id='word_1_586' title='bbox 3599 3231 3816 3304; x_wconf 78' lang='lat' dir='ltr'><strong>colymbo</strong></span> 
     </span>
    </p>
   </div>
   <div class='ocr_carea' id='block_1_89' title="bbox 2273 3303 3822 3374">
    <p class='ocr_par' dir='ltr' id='par_1_89' title="bbox 2273 3303 3822 3374">
     <span class='ocr_line' id='line_1_93' title="bbox 2273 3303 3822 3374; baseline -0.003 -17"><span class='ocrx_word' id='word_1_587' title='bbox 2273 3305 2582 3373; x_wconf 86' lang='lat' dir='ltr'><strong>erigebatur</strong></span> <span class='ocrx_word' id='word_1_588' title='bbox 2612 3304 2780 3359; x_wconf 90' lang='lat' dir='ltr'><strong>moles</strong></span> <span class='ocrx_word' id='word_1_589' title='bbox 2809 3320 2929 3359; x_wconf 83' lang='lat' dir='ltr'><strong>cum</strong></span> <span class='ocrx_word' id='word_1_590' title='bbox 2954 3305 3230 3369; x_wconf 84' lang='lat' dir='ltr'><strong>cantharo,</strong></span> <span class='ocrx_word' id='word_1_591' title='bbox 3280 3319 3346 3358; x_wconf 63' lang='lat' dir='ltr'><strong>es</strong></span> <span class='ocrx_word' id='word_1_592' title='bbox 3384 3319 3490 3374; x_wconf 89' lang='lat' dir='ltr'><strong>quo</strong></span> <span class='ocrx_word' id='word_1_593' title='bbox 3533 3303 3822 3374; x_wconf 43' lang='lat' dir='ltr'><strong>aquzr’labc-</strong></span> 
     </span>
    </p>
   </div>
   <div class='ocr_carea' id='block_1_90' title="bbox 2274 3369 3821 3445">
    <p class='ocr_par' dir='ltr' id='par_1_90' title="bbox 2274 3369 3821 3445">
     <span class='ocr_line' id='line_1_94' title="bbox 2274 3369 3821 3445; baseline -0.004 -17"><span class='ocrx_word' id='word_1_594' title='bbox 2274 3369 2467 3432; x_wconf 76' lang='lat' dir='ltr'><strong>bantur</strong></span> <span class='ocrx_word' id='word_1_595' title='bbox 2497 3378 2545 3428; x_wconf 93' lang='lat' dir='ltr'><strong>in</strong></span> <span class='ocrx_word' id='word_1_596' title='bbox 2573 3387 2818 3445; x_wconf 78' lang='lat' dir='ltr'><strong>Stagnum</strong></span> <span class='ocrx_word' id='word_1_597' title='bbox 2854 3377 3023 3444; x_wconf 90' lang='lat' dir='ltr'><strong>ipsum</strong></span> <span class='ocrx_word' id='word_1_598' title='bbox 3059 3390 3073 3428; x_wconf 90' lang='lat'><strong>:</strong></span> <span class='ocrx_word' id='word_1_599' title='bbox 3104 3377 3203 3428; x_wconf 90' lang='lat' dir='ltr'><strong>nisi</strong></span> <span class='ocrx_word' id='word_1_600' title='bbox 3235 3375 3279 3429; x_wconf 91' lang='lat' dir='ltr'><strong>si</strong></span> <span class='ocrx_word' id='word_1_601' title='bbox 3312 3369 3449 3429; x_wconf 79' lang='lat' dir='ltr'><strong>forte</strong></span> <span class='ocrx_word' id='word_1_602' title='bbox 3479 3373 3748 3445; x_wconf 83' lang='lat' dir='ltr'><strong>cantharus</strong></span> <span class='ocrx_word' id='word_1_603' title='bbox 3768 3369 3821 3424; x_wconf 89' lang='lat' dir='ltr'><strong>de</strong></span> 
     </span>
    </p>
   </div>
   <div class='ocr_carea' id='block_1_91' title="bbox 2271 3442 3821 3517">
    <p class='ocr_par' dir='ltr' id='par_1_91' title="bbox 2271 3442 3821 3517">
     <span class='ocr_line' id='line_1_95' title="bbox 2271 3442 3821 3517; baseline -0.002 -20"><span class='ocrx_word' id='word_1_604' title='bbox 2271 3461 2378 3517; x_wconf 83' lang='lat' dir='ltr'><strong>quo</strong></span> <span class='ocrx_word' id='word_1_605' title='bbox 2423 3442 2976 3517; x_wconf 56' lang='lat' dir='ltr'><strong>loquitur&#39;Paulin&#39;us,</strong></span> <span class='ocrx_word' id='word_1_606' title='bbox 3032 3446 3083 3499; x_wconf 93' lang='lat' dir='ltr'><strong>in</strong></span> <span class='ocrx_word' id='word_1_607' title='bbox 3134 3447 3316 3517; x_wconf 85' lang='lat' dir='ltr'><strong>aliquo</strong></span> <span class='ocrx_word' id='word_1_608' title='bbox 3355 3445 3559 3517; x_wconf 79' lang='lat' dir='ltr'><strong>angulo</strong></span> <span class='ocrx_word' id='word_1_609' title='bbox 3604 3442 3664 3517; x_wconf 81' lang='lat' dir='ltr'><strong>ad</strong></span> <span class='ocrx_word' id='word_1_610' title='bbox 3693 3456 3821 3517; x_wconf 84' lang='lat' dir='ltr'><strong>usum</strong></span> 
     </span>
    </p>
   </div>
   <div class='ocr_carea' id='block_1_92' title="bbox 2274 3509 3823 3586">
    <p class='ocr_par' dir='ltr' id='par_1_92' title="bbox 2274 3509 3823 3586">
     <span class='ocr_line' id='line_1_96' title="bbox 2274 3509 3823 3586; baseline -0.004 -17"><span class='ocrx_word' id='word_1_611' title='bbox 2274 3509 2707 3573; x_wconf 50' lang='lat' dir='ltr'><strong>litvandi&#39;tnanus</strong></span> <span class='ocrx_word' id='word_1_612' title='bbox 2746 3526 2861 3570; x_wconf 90' lang='lat' dir='ltr'><strong>erat</strong></span> <span class='ocrx_word' id='word_1_613' title='bbox 2893 3509 3186 3586; x_wconf 79' lang='lat' dir='ltr'><strong>expositus.</strong></span> <span class='ocrx_word' id='word_1_614' title='bbox 3228 3509 3596 3584; x_wconf 75' lang='lat' dir='ltr'><strong>Conjiciebam</strong></span> <span class='ocrx_word' id='word_1_615' title='bbox 3642 3509 3823 3566; x_wconf 87' lang='lat' dir='ltr'><strong>interior</strong></span> 
     </span>
    </p>
   </div>
   <div class='ocr_carea' id='block_1_93' title="bbox 2273 3588 3796 3658">
    <p class='ocr_par' dir='ltr' id='par_1_93' title="bbox 2273 3588 3796 3658">
     <span class='ocr_line' id='line_1_97' title="bbox 2273 3588 3796 3658; baseline 0.012 -20"><span class='ocrx_word' id='word_1_616' title='bbox 2273 3588 2436 3644; x_wconf 87' lang='lat' dir='ltr'><strong>tubuli</strong></span> <span class='ocrx_word' id='word_1_617' title='bbox 2470 3605 2589 3658; x_wconf 79' lang='lat' dir='ltr'><strong>pars</strong></span> <span class='ocrx_word' id='word_1_618' title='bbox 2618 3597 2712 3642; x_wconf 90' lang='lat' dir='ltr'><strong>est.</strong></span> <span class='ocrx_word' id='word_1_619' title='bbox 3169 3657 3208 3658; x_wconf 44' lang='grc' dir='ltr'><em>η</em></span> <span class='ocrx_word' id='word_1_620' title='bbox 3250 3657 3278 3658; x_wconf 36' lang='grc' dir='ltr'>η</span> <span class='ocrx_word' id='word_1_621' title='bbox 3317 3655 3330 3658; x_wconf 52' lang='grc'><em>,</em></span> <span class='ocrx_word' id='word_1_622' title='bbox 3479 3655 3509 3658; x_wconf 96' lang='lat'>_</span> <span class='ocrx_word' id='word_1_623' title='bbox 3658 3656 3663 3658; x_wconf 91' lang='lat'>_</span> <span class='ocrx_word' id='word_1_624' title='bbox 3701 3653 3729 3658; x_wconf 87' lang='lat'><strong><em>_</em></strong></span> <span class='ocrx_word' id='word_1_625' title='bbox 3789 3635 3796 3642; x_wconf 89' lang='lat'><strong><em>-</em></strong></span> 
     </span>
    </p>
   </div>
   <div class='ocr_carea' id='block_1_94' title="bbox 2343 3653 3821 3728">
    <p class='ocr_par' dir='ltr' id='par_1_94' title="bbox 2343 3653 3821 3728">
     <span class='ocr_line' id='line_1_98' title="bbox 2343 3653 3821 3728; baseline -0.006 -14"><span class='ocrx_word' id='word_1_626' title='bbox 2343 3661 2434 3715; x_wconf 86' lang='lat'><strong>58.</strong></span> <span class='ocrx_word' id='word_1_627' title='bbox 2470 3653 2604 3716; x_wconf 69' lang='lat' dir='ltr'><strong>Mar.</strong></span> <span class='ocrx_word' id='word_1_628' title='bbox 2656 3674 2684 3712; x_wconf 90' lang='lat' dir='ltr'><strong>a</strong></span> <span class='ocrx_word' id='word_1_629' title='bbox 2730 3661 2901 3728; x_wconf 91' lang='lat' dir='ltr'><strong>prima</strong></span> <span class='ocrx_word' id='word_1_630' title='bbox 2942 3673 3122 3724; x_wconf 89' lang='lat' dir='ltr'><strong>manu,</strong></span> <span class='ocrx_word' id='word_1_631' title='bbox 3169 3655 3426 3728; x_wconf 84' lang='lat' dir='ltr'><strong>Hailsbr.,</strong></span> <span class='ocrx_word' id='word_1_632' title='bbox 3479 3653 3821 3728; x_wconf 70' lang='lat' dir='ltr'><strong>Pr_ag.,&#39;_Rat,,</strong></span> 
     </span>
    </p>
   </div>
   <div class='ocr_carea' id='block_1_95' title="bbox 2273 3725 3824 3795">
    <p class='ocr_par' dir='ltr' id='par_1_95' title="bbox 2273 3725 3824 3795">
     <span class='ocr_line' id='line_1_99' title="bbox 2273 3725 3824 3795; baseline -0.004 -13"><span class='ocrx_word' id='word_1_633' title='bbox 2273 3728 2608 3795; x_wconf 85' lang='lat' dir='ltr'><strong>Parrhasius,</strong></span> <span class='ocrx_word' id='word_1_634' title='bbox 2635 3725 2796 3782; x_wconf 83' lang='lat' dir='ltr'><strong>nivale</strong></span> <span class='ocrx_word' id='word_1_635' title='bbox 2814 3744 2832 3783; x_wconf 90' lang='lat'><strong><em>:</em></strong></span> <span class='ocrx_word' id='word_1_636' title='bbox 2853 3729 3043 3783; x_wconf 90' lang='lat' dir='ltr'><strong>melius</strong></span> <span class='ocrx_word' id='word_1_637' title='bbox 3064 3727 3241 3782; x_wconf 83' lang='lat' dir='ltr'><strong>nivali.</strong></span> <span class='ocrx_word' id='word_1_638' title='bbox 3263 3728 3483 3782; x_wconf 88' lang='lat' dir='ltr'><strong>Teolius</strong></span> <span class='ocrx_word' id='word_1_639' title='bbox 3509 3725 3662 3778; x_wconf 81' lang='lat' dir='ltr'><strong>nivali</strong></span> <span class='ocrx_word' id='word_1_640' title='bbox 3687 3725 3824 3778; x_wconf 87' lang='lat' dir='ltr'><strong>inter-</strong></span> 
     </span>
    </p>
   </div>
   <div class='ocr_carea' id='block_1_96' title="bbox 2275 3797 3822 3869">
    <p class='ocr_par' dir='ltr' id='par_1_96' title="bbox 2275 3797 3822 3869">
     <span class='ocr_line' id='line_1_100' title="bbox 2275 3797 3822 3869; baseline -0.004 -16"><span class='ocrx_word' id='word_1_641' title='bbox 2275 3811 2511 3865; x_wconf 79' lang='lat' dir='ltr'><strong>pretatur</strong></span> <span class='ocrx_word' id='word_1_642' title='bbox 2545 3800 2788 3854; x_wconf 85' lang='lat' dir='ltr'><strong>candido.</strong></span> <span class='ocrx_word' id='word_1_643' title='bbox 2823 3797 3030 3864; x_wconf 91' lang='lat' dir='ltr'><strong>Verius,</strong></span> <span class='ocrx_word' id='word_1_644' title='bbox 3083 3809 3139 3852; x_wconf 92' lang='lat' dir='ltr'><strong>ut</strong></span> <span class='ocrx_word' id='word_1_645' title='bbox 3186 3807 3336 3869; x_wconf 92' lang='lat' dir='ltr'><strong>puto,</strong></span> <span class='ocrx_word' id='word_1_646' title='bbox 3379 3797 3569 3868; x_wconf 85' lang='lat' dir='ltr'><strong>gelido,</strong></span> <span class='ocrx_word' id='word_1_647' title='bbox 3622 3805 3677 3850; x_wconf 92' lang='lat' dir='ltr'><strong>ut</strong></span> <span class='ocrx_word' id='word_1_648' title='bbox 3718 3808 3822 3848; x_wconf 81' lang='lat' dir='ltr'><strong>mox</strong></span> 
     </span>
    </p>
   </div>
   <div class='ocr_carea' id='block_1_97' title="bbox 2271 3870 2821 3941">
    <p class='ocr_par' dir='ltr' id='par_1_97' title="bbox 2271 3870 2821 3941">
     <span class='ocr_line' id='line_1_101' title="bbox 2271 3870 2821 3941; baseline 0.002 -19"><span class='ocrx_word' id='word_1_649' title='bbox 2271 3871 2428 3939; x_wconf 63' lang='lat' dir='ltr'><strong>gelidi</strong></span> <span class='ocrx_word' id='word_1_650' title='bbox 2454 3874 2619 3941; x_wconf 90' lang='lat' dir='ltr'><strong>rigore</strong></span> <span class='ocrx_word' id='word_1_651' title='bbox 2648 3870 2821 3931; x_wconf 81' lang='lat' dir='ltr'><strong>fontis.</strong></span> 
     </span>
    </p>
   </div>
   <div class='ocr_carea' id='block_1_98' title="bbox 2346 3938 3824 4010">
    <p class='ocr_par' dir='ltr' id='par_1_98' title="bbox 2346 3938 3824 4010">
     <span class='ocr_line' id='line_1_102' title="bbox 2346 3938 3824 4010; baseline -0.007 -13"><span class='ocrx_word' id='word_1_652' title='bbox 2346 3941 2435 3997; x_wconf 81' lang='lat'><strong>59.</strong></span> <span class='ocrx_word' id='word_1_653' title='bbox 2458 3938 2729 3999; x_wconf 71' lang='lat' dir='ltr'><strong>Gauchius</strong></span> <span class='ocrx_word' id='word_1_654' title='bbox 2756 3955 3056 4009; x_wconf 80' lang='lat' dir='ltr'><strong>perperam,</strong></span> <span class='ocrx_word' id='word_1_655' title='bbox 3082 3941 3280 4010; x_wconf 86' lang='lat' dir='ltr'><strong>pictura</strong></span> <span class='ocrx_word' id='word_1_656' title='bbox 3304 3938 3619 4010; x_wconf 69' lang='lat' dir='ltr'><strong>superbaJn</strong></span> <span class='ocrx_word' id='word_1_657' title='bbox 3637 3952 3824 4010; x_wconf 80' lang='lat' dir='ltr'><strong>superne</strong></span> 
     </span>
    </p>
   </div>
   <div class='ocr_carea' id='block_1_99' title="bbox 2273 4008 3825 4135">
    <p class='ocr_par' dir='ltr' id='par_1_99' title="bbox 2273 4008 3825 4135">
     <span class='ocr_line' id='line_1_103' title="bbox 2273 4008 3825 4135; baseline -0.003 -72"><span class='ocrx_word' id='word_1_658' title='bbox 2273 4024 2543 4135; x_wconf 60' lang='lat' dir='ltr'><strong>gostrema</strong></span> <span class='ocrx_word' id='word_1_659' title='bbox 2585 4014 2685 4067; x_wconf 91' lang='lat' dir='ltr'><strong>rite</strong></span> <span class='ocrx_word' id='word_1_660' title='bbox 2729 4008 3037 4080; x_wconf 75' lang='lat' dir='ltr'><strong>Corripitur,</strong></span> <span class='ocrx_word' id='word_1_661' title='bbox 3084 4008 3147 4064; x_wconf 86' lang='lat' dir='ltr'><strong>ut</strong></span> <span class='ocrx_word' id='word_1_662' title='bbox 3183 4008 3421 4066; x_wconf 88' lang='lat' dir='ltr'><strong>ostendit</strong></span> <span class='ocrx_word' id='word_1_663' title='bbox 3473 4008 3710 4066; x_wconf 77' lang='lat' dir='ltr'><strong>Gil‘anins</strong></span> <span class='ocrx_word' id='word_1_664' title='bbox 3741 4008 3825 4061; x_wconf 89' lang='lat' dir='ltr'><strong>ine</strong></span> 
     </span>
     <span class='ocr_line' id='line_1_104' title="bbox 2313 4097 2462 4135; baseline 0 0"><span class='ocrx_word' id='word_1_665' title='bbox 2313 4097 2462 4135; x_wconf 80' lang='lat' dir='ltr'><strong>reve.</strong></span> 
     </span>
    </p>
   </div>
   <div class='ocr_carea' id='block_1_100' title="bbox 2313 4097 2462 4138">
    <p class='ocr_par' dir='ltr' id='par_1_100' title="bbox 2313 4097 2462 4138">
     <span class='ocr_line' id='line_1_105' title="bbox 2313 4097 2462 4138; baseline 0.007 -1"><span class='ocrx_word' id='word_1_666' title='bbox 2313 4097 2437 4138; x_wconf 88' lang='lat' dir='ltr'><strong>reve</strong></span> <span class='ocrx_word' id='word_1_667' title='bbox 2447 4124 2462 4138; x_wconf 90' lang='lat'><strong>.</strong></span> 
     </span>
    </p>
   </div>
   <div class='ocr_carea' id='block_1_101' title="bbox 2341 4149 3826 4226">
    <p class='ocr_par' dir='ltr' id='par_1_101' title="bbox 2341 4149 3826 4226">
     <span class='ocr_line' id='line_1_106' title="bbox 2341 4149 3826 4226; baseline -0.007 -16"><span class='ocrx_word' id='word_1_668' title='bbox 2341 4155 2433 4210; x_wconf 77' lang='grc'><strong>41.</strong></span> <span class='ocrx_word' id='word_1_669' title='bbox 2467 4153 2720 4226; x_wconf 89' lang='lat' dir='ltr'><strong>Paulinus</strong></span> <span class='ocrx_word' id='word_1_670' title='bbox 2754 4153 2934 4208; x_wconf 88' lang='lat' dir='ltr'><strong>aiebat</strong></span> <span class='ocrx_word' id='word_1_671' title='bbox 2971 4151 3290 4226; x_wconf 77' lang='lat' dir='ltr'><strong>Fastigintus</strong></span> <span class='ocrx_word' id='word_1_672' title='bbox 3329 4153 3495 4207; x_wconf 89' lang='lat' dir='ltr'><strong>solido</strong></span> <span class='ocrx_word' id='word_1_673' title='bbox 3541 4168 3638 4206; x_wconf 75' lang='lat' dir='ltr'><strong>tere</strong></span> <span class='ocrx_word' id='word_1_674' title='bbox 3682 4149 3826 4204; x_wconf 78' lang='lat' dir='ltr'><strong>tholus</strong></span> 
     </span>
    </p>
   </div>
   <div class='ocr_carea' id='block_1_102' title="bbox 2272 4225 3666 4278">
    <p class='ocr_par' dir='ltr' id='par_1_102' title="bbox 2272 4225 3666 4278">
     <span class='ocr_line' id='line_1_107' title="bbox 2272 4225 3666 4278; baseline -0.004 0"><span class='ocrx_word' id='word_1_675' title='bbox 2272 4236 2420 4278; x_wconf 90' lang='lat' dir='ltr'><strong>ornat</strong></span> <span class='ocrx_word' id='word_1_676' title='bbox 2448 4234 2495 4278; x_wconf 87' lang='lat' dir='ltr'><strong>et</strong></span> <span class='ocrx_word' id='word_1_677' title='bbox 2524 4225 2800 4278; x_wconf 83' lang='lat' dir='ltr'><strong>inumbrat.</strong></span> <span class='ocrx_word' id='word_1_678' title='bbox 3127 4225 3135 4226; x_wconf 51' lang='grc'><strong>“</strong></span> <span class='ocrx_word' id='word_1_679' title='bbox 3661 4243 3666 4248; x_wconf 62' lang='grc' dir='ltr'><strong><em>ί</em></strong></span> 
     </span>
    </p>
   </div>
   <div class='ocr_carea' id='block_1_103' title="bbox 2341 4292 3827 4365">
    <p class='ocr_par' dir='ltr' id='par_1_103' title="bbox 2341 4292 3827 4365">
     <span class='ocr_line' id='line_1_108' title="bbox 2341 4292 3827 4365; baseline -0.005 -14"><span class='ocrx_word' id='word_1_680' title='bbox 2341 4299 2431 4351; x_wconf 74' lang='grc'><strong>45.</strong></span> <span class='ocrx_word' id='word_1_681' title='bbox 2461 4297 2708 4350; x_wconf 81' lang='lat' dir='ltr'><strong>Nonnulli</strong></span> <span class='ocrx_word' id='word_1_682' title='bbox 2741 4296 2906 4361; x_wconf 46' lang='lat' dir='ltr'><strong>vulg”</strong></span> <span class='ocrx_word' id='word_1_683' title='bbox 2947 4295 3094 4348; x_wconf 87' lang='lat' dir='ltr'><strong>adit:</strong></span> <span class='ocrx_word' id='word_1_684' title='bbox 3136 4295 3248 4365; x_wconf 80' lang='lat' dir='ltr'><strong>lege</strong></span> <span class='ocrx_word' id='word_1_685' title='bbox 3271 4295 3386 4349; x_wconf 88' lang='lat' dir='ltr'><strong>alit.</strong></span> <span class='ocrx_word' id='word_1_686' title='bbox 3431 4292 3650 4365; x_wconf 63' lang='lat' dir='ltr'><strong>Glossae</strong></span> <span class='ocrx_word' id='word_1_687' title='bbox 3682 4300 3827 4365; x_wconf 76' lang='lat' dir='ltr'><strong>pasto-</strong></span> 
     </span>
    </p>
   </div>
   <div class='ocr_carea' id='block_1_104' title="bbox 2269 4360 3826 4434">
    <p class='ocr_par' dir='ltr' id='par_1_104' title="bbox 2269 4360 3826 4434">
     <span class='ocr_line' id='line_1_109' title="bbox 2269 4360 3826 4434; baseline -0.003 -16"><span class='ocrx_word' id='word_1_688' title='bbox 2269 4382 2378 4419; x_wconf 78' lang='lat' dir='ltr'><strong>rrm</strong></span> <span class='ocrx_word' id='word_1_689' title='bbox 2411 4367 2714 4434; x_wconf 87' lang='lat' dir='ltr'><strong>intelligunt</strong></span> <span class='ocrx_word' id='word_1_690' title='bbox 2740 4365 2795 4420; x_wconf 93' lang='grc'><strong>8.</strong></span> <span class='ocrx_word' id='word_1_691' title='bbox 2829 4360 3041 4419; x_wconf 86' lang='lat' dir='ltr'><strong>Petrum</strong></span> <span class='ocrx_word' id='word_1_692' title='bbox 3095 4367 3145 4420; x_wconf 95' lang='lat' dir='ltr'><strong>in</strong></span> <span class='ocrx_word' id='word_1_693' title='bbox 3189 4360 3371 4420; x_wconf 64' lang='lat' dir='ltr'><strong>verbis</strong></span> <span class='ocrx_word' id='word_1_694' title='bbox 3395 4373 3571 4431; x_wconf 84' lang='lat' dir='ltr'><strong>pastor</strong></span> <span class='ocrx_word' id='word_1_695' title='bbox 3600 4363 3708 4427; x_wconf 85' lang='lat' dir='ltr'><strong>alit,</strong></span> <span class='ocrx_word' id='word_1_696' title='bbox 3743 4360 3826 4434; x_wconf 84' lang='lat' dir='ltr'><strong>lor-</strong></span> 
     </span>
    </p>
   </div>
   <div class='ocr_carea' id='block_1_105' title="bbox 2277 4433 3826 4504">
    <p class='ocr_par' dir='ltr' id='par_1_105' title="bbox 2277 4433 3826 4504">
     <span class='ocr_line' id='line_1_110' title="bbox 2277 4433 3826 4504; baseline -0.005 -15"><span class='ocrx_word' id='word_1_697' title='bbox 2277 4444 2422 4492; x_wconf 89' lang='lat' dir='ltr'><strong>tasse</strong></span> <span class='ocrx_word' id='word_1_698' title='bbox 2449 4453 2511 4491; x_wconf 90' lang='lat' dir='ltr'><strong>ex</strong></span> <span class='ocrx_word' id='word_1_699' title='bbox 2549 4433 2713 4492; x_wconf 86' lang='lat' dir='ltr'><strong>veteri</strong></span> <span class='ocrx_word' id='word_1_700' title='bbox 2753 4437 3152 4491; x_wconf 80' lang='lat' dir='ltr'><strong>nouienclatura</strong></span> <span class='ocrx_word' id='word_1_701' title='bbox 3198 4451 3299 4504; x_wconf 90' lang='lat' dir='ltr'><strong>qua</strong></span> <span class='ocrx_word' id='word_1_702' title='bbox 3329 4435 3388 4490; x_wconf 93' lang='lat' dir='ltr'><strong>S.</strong></span> <span class='ocrx_word' id='word_1_703' title='bbox 3425 4435 3615 4487; x_wconf 89' lang='lat' dir='ltr'><strong>Petrus</strong></span> <span class='ocrx_word' id='word_1_704' title='bbox 3640 4433 3826 4504; x_wconf 77' lang='lat' dir='ltr'><strong>nutritor</strong></span> 
     </span>
    </p>
   </div>
   <div class='ocr_carea' id='block_1_106' title="bbox 662 4499 3827 4576">
    <p class='ocr_par' dir='ltr' id='par_1_106' title="bbox 662 4499 3827 4576">
     <span class='ocr_line' id='line_1_111' title="bbox 662 4499 3827 4576; baseline -0 -17"><span class='ocrx_word' id='word_1_705' title='bbox 662 4505 752 4561; x_wconf 87' lang='lat'><strong>56.</strong></span> <span class='ocrx_word' id='word_1_706' title='bbox 786 4506 939 4574; x_wconf 86' lang='lat' dir='ltr'><strong>Urb.,</strong></span> <span class='ocrx_word' id='word_1_707' title='bbox 963 4505 1238 4570; x_wconf 87' lang='lat' dir='ltr'><strong>mendose,</strong></span> <span class='ocrx_word' id='word_1_708' title='bbox 1263 4507 1423 4573; x_wconf 83' lang='lat' dir='ltr'><strong>ﬂuctu</strong></span> <span class='ocrx_word' id='word_1_709' title='bbox 1449 4515 1494 4558; x_wconf 89' lang='lat' dir='ltr'><strong>et</strong></span> <span class='ocrx_word' id='word_1_710' title='bbox 1515 4505 1763 4575; x_wconf 83' lang='lat' dir='ltr'><strong>colymbo.</strong></span> <span class='ocrx_word' id='word_1_711' title='bbox 1781 4506 1932 4561; x_wconf 85' lang='lat' dir='ltr'><strong>Alex.</strong></span> <span class='ocrx_word' id='word_1_712' title='bbox 1957 4522 1984 4559; x_wconf 89' lang='lat' dir='ltr'><strong>a</strong></span> <span class='ocrx_word' id='word_1_713' title='bbox 2011 4508 2175 4574; x_wconf 87' lang='lat' dir='ltr'><strong>prima</strong></span> <span class='ocrx_word' id='word_1_714' title='bbox 2203 4499 2256 4561; x_wconf 87' lang='lat' dir='ltr'><strong>D</strong></span> <span class='ocrx_word' id='word_1_715' title='bbox 2282 4506 2334 4560; x_wconf 89' lang='lat' dir='ltr'><strong>in</strong></span> <span class='ocrx_word' id='word_1_716' title='bbox 2367 4509 2599 4576; x_wconf 90' lang='lat' dir='ltr'><strong>antiquis</strong></span> <span class='ocrx_word' id='word_1_717' title='bbox 2622 4508 2979 4562; x_wconf 87' lang='lat' dir='ltr'><strong>monumentis</strong></span> <span class='ocrx_word' id='word_1_718' title='bbox 3005 4499 3322 4576; x_wconf 81' lang='lat' dir='ltr'><strong>appellatur,</strong></span> <span class='ocrx_word' id='word_1_719' title='bbox 3367 4514 3425 4558; x_wconf 92' lang='lat' dir='ltr'><strong>ut</strong></span> <span class='ocrx_word' id='word_1_720' title='bbox 3451 4519 3519 4557; x_wconf 81' lang='lat' dir='ltr'><strong>ex</strong></span> <span class='ocrx_word' id='word_1_721' title='bbox 3553 4505 3645 4560; x_wconf 88' lang='lat' dir='ltr'><strong>lib.</strong></span> <span class='ocrx_word' id='word_1_722' title='bbox 3670 4503 3827 4576; x_wconf 59' lang='lat' dir='ltr'><strong>Ponti;</strong></span> 
     </span>
    </p>
   </div>
   <div class='ocr_carea' id='block_1_107' title="bbox 589 4576 2170 4647">
    <p class='ocr_par' dir='ltr' id='par_1_107' title="bbox 589 4576 2170 4647">
     <span class='ocr_line' id='line_1_112' title="bbox 589 4576 2170 4647; baseline 0.004 -21"><span class='ocrx_word' id='word_1_723' title='bbox 589 4591 770 4647; x_wconf 80' lang='lat' dir='ltr'><strong>manu,</strong></span> <span class='ocrx_word' id='word_1_724' title='bbox 805 4576 1039 4646; x_wconf 84' lang='lat' dir='ltr'><strong>&#39;l‘huan.,</strong></span> <span class='ocrx_word' id='word_1_725' title='bbox 1069 4578 1181 4632; x_wconf 80' lang='lat' dir='ltr'><strong>Gis.</strong></span> <span class='ocrx_word' id='word_1_726' title='bbox 1214 4578 1280 4630; x_wconf 90' lang='lat' dir='ltr'><strong>ad</strong></span> <span class='ocrx_word' id='word_1_727' title='bbox 1308 4591 1481 4639; x_wconf 87' lang='lat' dir='ltr'><strong>oram,</strong></span> <span class='ocrx_word' id='word_1_728' title='bbox 1531 4580 1790 4647; x_wconf 81' lang='lat' dir='ltr'><strong>corymbo.</strong></span> <span class='ocrx_word' id='word_1_729' title='bbox 1846 4577 1899 4631; x_wconf 95' lang='lat' dir='ltr'><strong>In</strong></span> <span class='ocrx_word' id='word_1_730' title='bbox 1929 4579 2070 4632; x_wconf 91' lang='lat' dir='ltr'><strong>notis</strong></span> <span class='ocrx_word' id='word_1_731' title='bbox 2096 4579 2170 4632; x_wconf 89' lang='lat' dir='ltr'><strong>ait</strong></span> 
     </span>
    </p>
   </div>
   <div class='ocr_carea' id='block_1_108' title="bbox 589 4646 2167 4714">
    <p class='ocr_par' dir='ltr' id='par_1_108' title="bbox 589 4646 2167 4714">
     <span class='ocr_line' id='line_1_113' title="bbox 589 4646 2167 4714; baseline 0.003 -14"><span class='ocrx_word' id='word_1_732' title='bbox 589 4646 857 4702; x_wconf 60' lang='lat' dir='ltr'><strong>Giselinus</strong></span> <span class='ocrx_word' id='word_1_733' title='bbox 878 4664 938 4702; x_wconf 91' lang='lat' dir='ltr'><strong>se</strong></span> <span class='ocrx_word' id='word_1_734' title='bbox 951 4662 1285 4714; x_wconf 69' lang='lat' dir='ltr'><strong>expressisse</strong></span> <span class='ocrx_word' id='word_1_735' title='bbox 1310 4646 1745 4701; x_wconf 33' lang='lat' dir='ltr'><strong>Daventrien’sem</strong></span> <span class='ocrx_word' id='word_1_736' title='bbox 1775 4648 1857 4700; x_wconf 92' lang='lat' dir='ltr'><strong>his</strong></span> <span class='ocrx_word' id='word_1_737' title='bbox 1883 4649 1951 4703; x_wconf 91' lang='lat' dir='ltr'><strong>de</strong></span> <span class='ocrx_word' id='word_1_738' title='bbox 1973 4651 2167 4704; x_wconf 87' lang='lat' dir='ltr'><strong>causis.</strong></span> 
     </span>
    </p>
   </div>
   <div class='ocr_carea' id='block_1_109' title="bbox 589 4716 2169 4790">
    <p class='ocr_par' dir='ltr' id='par_1_109' title="bbox 589 4716 2169 4790">
     <span class='ocr_line' id='line_1_114' title="bbox 589 4716 2169 4790; baseline 0.003 -21"><span class='ocrx_word' id='word_1_739' title='bbox 589 4716 826 4772; x_wconf 88' lang='lat' dir='ltr'><strong>Primum</strong></span> <span class='ocrx_word' id='word_1_740' title='bbox 862 4719 1003 4787; x_wconf 92' lang='lat' dir='ltr'><strong>quod</strong></span> <span class='ocrx_word' id='word_1_741' title='bbox 1044 4720 1297 4790; x_wconf 81' lang='grc' dir='ltr'><strong>κολυμϐὸς</strong></span> <span class='ocrx_word' id='word_1_742' title='bbox 1328 4719 1465 4790; x_wconf 89' lang='lat' dir='ltr'><strong>inter</strong></span> <span class='ocrx_word' id='word_1_743' title='bbox 1502 4719 1759 4790; x_wconf 86' lang='lat' dir='ltr'><strong>vocabula</strong></span> <span class='ocrx_word' id='word_1_744' title='bbox 1808 4719 2169 4774; x_wconf 83' lang='lat' dir='ltr'><strong>ecclesiastica</strong></span> 
     </span>
    </p>
   </div>
   <div class='ocr_carea' id='block_1_110' title="bbox 589 4788 2168 4858">
    <p class='ocr_par' dir='ltr' id='par_1_110' title="bbox 589 4788 2168 4858">
     <span class='ocr_line' id='line_1_115' title="bbox 589 4788 2168 4858; baseline 0.002 -17"><span class='ocrx_word' id='word_1_745' title='bbox 589 4790 783 4842; x_wconf 86' lang='lat' dir='ltr'><strong>usitata</strong></span> <span class='ocrx_word' id='word_1_746' title='bbox 815 4804 920 4842; x_wconf 92' lang='lat' dir='ltr'><strong>non</strong></span> <span class='ocrx_word' id='word_1_747' title='bbox 963 4791 1033 4843; x_wconf 87' lang='lat' dir='ltr'><strong>sit</strong></span> <span class='ocrx_word' id='word_1_748' title='bbox 1063 4788 1486 4854; x_wconf 83' lang='lat' dir='ltr'><strong>numerandum,</strong></span> <span class='ocrx_word' id='word_1_749' title='bbox 1535 4788 1731 4843; x_wconf 89' lang='lat' dir='ltr'><strong>deinde</strong></span> <span class='ocrx_word' id='word_1_750' title='bbox 1771 4790 1912 4858; x_wconf 90' lang='lat' dir='ltr'><strong>quod</strong></span> <span class='ocrx_word' id='word_1_751' title='bbox 1959 4800 2168 4844; x_wconf 90' lang='lat' dir='ltr'><strong>natatus</strong></span> 
     </span>
    </p>
   </div>
   <div class='ocr_carea' id='block_1_111' title="bbox 585 4857 2168 4929">
    <p class='ocr_par' dir='ltr' id='par_1_111' title="bbox 585 4857 2168 4929">
     <span class='ocr_line' id='line_1_116' title="bbox 585 4857 2168 4929; baseline 0.001 -17"><span class='ocrx_word' id='word_1_752' title='bbox 585 4857 768 4928; x_wconf 78' lang='lat' dir='ltr'><strong>inepte</strong></span> <span class='ocrx_word' id='word_1_753' title='bbox 808 4860 980 4914; x_wconf 87' lang='lat' dir='ltr'><strong>rivulo</strong></span> <span class='ocrx_word' id='word_1_754' title='bbox 1010 4860 1324 4925; x_wconf 78' lang='lat' dir='ltr'><strong>allingatur;</strong></span> <span class='ocrx_word' id='word_1_755' title='bbox 1369 4868 1642 4928; x_wconf 90' lang='lat' dir='ltr'><strong>postremo</strong></span> <span class='ocrx_word' id='word_1_756' title='bbox 1686 4857 1825 4929; x_wconf 80' lang='lat' dir='ltr'><strong>quod</strong></span> <span class='ocrx_word' id='word_1_757' title='bbox 1859 4861 2017 4928; x_wconf 89' lang='lat' dir='ltr'><strong>paulo</strong></span> <span class='ocrx_word' id='word_1_758' title='bbox 2042 4870 2168 4914; x_wconf 87' lang='lat' dir='ltr'><strong>ante</strong></span> 
     </span>
    </p>
   </div>
   <div class='ocr_carea' id='block_1_112' title="bbox 586 4930 2168 4997">
    <p class='ocr_par' dir='ltr' id='par_1_112' title="bbox 586 4930 2168 4997">
     <span class='ocr_line' id='line_1_117' title="bbox 586 4930 2168 4997; baseline 0.001 -15"><span class='ocrx_word' id='word_1_759' title='bbox 586 4931 862 4997; x_wconf 91' lang='lat' dir='ltr'><strong>regionem</strong></span> <span class='ocrx_word' id='word_1_760' title='bbox 901 4931 989 4984; x_wconf 85' lang='lat' dir='ltr'><strong>ubi</strong></span> <span class='ocrx_word' id='word_1_761' title='bbox 1033 4931 1393 4997; x_wconf 85' lang='lat' dir='ltr'><strong>sepeliebatur</strong></span> <span class='ocrx_word' id='word_1_762' title='bbox 1425 4931 1481 4984; x_wconf 87' lang='grc' dir='ltr'>Β.</span> <span class='ocrx_word' id='word_1_763' title='bbox 1516 4930 1725 4992; x_wconf 89' lang='lat' dir='ltr'><strong>Petrus,</strong></span> <span class='ocrx_word' id='word_1_764' title='bbox 1769 4931 1964 4986; x_wconf 83' lang='lat' dir='ltr'><strong>dixerit</strong></span> <span class='ocrx_word' id='word_1_765' title='bbox 1989 4947 2168 4984; x_wconf 83' lang='lat' dir='ltr'><strong>canere</strong></span> 
     </span>
    </p>
   </div>
   <div class='ocr_carea' id='block_1_113' title="bbox 586 5001 2170 5069">
    <p class='ocr_par' dir='ltr' id='par_1_113' title="bbox 586 5001 2170 5069">
     <span class='ocr_line' id='line_1_118' title="bbox 586 5001 2170 5069; baseline 0.002 -17"><span class='ocrx_word' id='word_1_766' title='bbox 586 5001 741 5053; x_wconf 87' lang='lat' dir='ltr'><strong>oliva.</strong></span> <span class='ocrx_word' id='word_1_767' title='bbox 773 5001 869 5055; x_wconf 85' lang='lat' dir='ltr'><strong>Hic</strong></span> <span class='ocrx_word' id='word_1_768' title='bbox 899 5001 1056 5069; x_wconf 89' lang='lat' dir='ltr'><strong>igitur</strong></span> <span class='ocrx_word' id='word_1_769' title='bbox 1084 5001 1224 5054; x_wconf 87' lang='lat' dir='ltr'><strong>idem</strong></span> <span class='ocrx_word' id='word_1_770' title='bbox 1253 5010 1499 5068; x_wconf 88' lang='lat' dir='ltr'><strong>repetens</strong></span> <span class='ocrx_word' id='word_1_771' title='bbox 1542 5002 1636 5062; x_wconf 87' lang='lat' dir='ltr'><strong>ait,</strong></span> <span class='ocrx_word' id='word_1_772' title='bbox 1691 5001 1918 5054; x_wconf 87' lang='lat' dir='ltr'><strong>rivulum</strong></span> <span class='ocrx_word' id='word_1_773' title='bbox 1950 5003 2037 5054; x_wconf 92' lang='lat' dir='ltr'><strong>ubi</strong></span> <span class='ocrx_word' id='word_1_774' title='bbox 2076 5017 2170 5067; x_wconf 91' lang='lat' dir='ltr'><strong>per</strong></span> 
     </span>
    </p>
   </div>
   <div class='ocr_carea' id='block_1_114' title="bbox 586 5071 2158 5140">
    <p class='ocr_par' dir='ltr' id='par_1_114' title="bbox 586 5071 2158 5140">
     <span class='ocr_line' id='line_1_119' title="bbox 586 5071 2158 5140; baseline 0.001 -18"><span class='ocrx_word' id='word_1_775' title='bbox 586 5071 818 5138; x_wconf 88' lang='lat' dir='ltr'><strong>pretiosa</strong></span> <span class='ocrx_word' id='word_1_776' title='bbox 865 5085 1132 5125; x_wconf 89' lang='lat' dir='ltr'><strong>marmora</strong></span> <span class='ocrx_word' id='word_1_777' title='bbox 1165 5073 1353 5137; x_wconf 91' lang='lat' dir='ltr'><strong>ruerit,</strong></span> <span class='ocrx_word' id='word_1_778' title='bbox 1390 5072 1696 5140; x_wconf 86' lang='lat' dir='ltr'><strong>clivumque</strong></span> <span class='ocrx_word' id='word_1_779' title='bbox 1736 5071 2032 5136; x_wconf 86' lang='lat' dir='ltr'><strong>lubricarit,</strong></span> <span class='ocrx_word' id='word_1_780' title='bbox 2074 5071 2158 5125; x_wconf 85' lang='lat' dir='ltr'><strong>ﬂii-</strong></span> 
     </span>
    </p>
   </div>
   <div class='ocr_carea' id='block_1_115' title="bbox 588 5141 2171 5214">
    <p class='ocr_par' dir='ltr' id='par_1_115' title="bbox 588 5141 2171 5214">
     <span class='ocr_line' id='line_1_120' title="bbox 588 5141 2171 5214; baseline -0.001 -18"><span class='ocrx_word' id='word_1_781' title='bbox 588 5149 772 5214; x_wconf 81' lang='lat' dir='ltr'><strong>ctuare</strong></span> <span class='ocrx_word' id='word_1_782' title='bbox 791 5141 1092 5214; x_wconf 79' lang='lat' dir='ltr'><strong>virentibus</strong></span> <span class='ocrx_word' id='word_1_783' title='bbox 1118 5143 1409 5214; x_wconf 86' lang='lat' dir='ltr'><strong>corymbis.</strong></span> <span class='ocrx_word' id='word_1_784' title='bbox 1437 5143 1511 5214; x_wconf 17' lang='lat' dir='ltr'><strong>iid</strong></span> <span class='ocrx_word' id='word_1_785' title='bbox 1556 5153 1640 5197; x_wconf 88' lang='lat' dir='ltr'><strong>est</strong></span> <span class='ocrx_word' id='word_1_786' title='bbox 1685 5143 1908 5214; x_wconf 88' lang='lat' dir='ltr'><strong>ramulis</strong></span> <span class='ocrx_word' id='word_1_787' title='bbox 1930 5151 1991 5214; x_wconf 89' lang='lat' dir='ltr'><strong>et</strong></span> <span class='ocrx_word' id='word_1_788' title='bbox 2027 5143 2171 5214; x_wconf 80' lang='lat' dir='ltr'><strong>loliis</strong></span> 
     </span>
    </p>
   </div>
   <div class='ocr_carea' id='block_1_116' title="bbox 585 5211 2167 5284">
    <p class='ocr_par' dir='ltr' id='par_1_116' title="bbox 585 5211 2167 5284">
     <span class='ocr_line' id='line_1_121' title="bbox 585 5211 2167 5284; baseline 0.001 -20"><span class='ocrx_word' id='word_1_789' title='bbox 585 5211 850 5284; x_wconf 85' lang='lat' dir='ltr'><strong>olearum.</strong></span> <span class='ocrx_word' id='word_1_790' title='bbox 895 5212 1115 5284; x_wconf 72' lang='lat' dir='ltr'><strong>lleinsio</strong></span> <span class='ocrx_word' id='word_1_791' title='bbox 1159 5211 1264 5268; x_wconf 82' lang='lat' dir='ltr'><strong>non</strong></span> <span class='ocrx_word' id='word_1_792' title='bbox 1308 5213 1510 5268; x_wconf 88' lang='lat' dir='ltr'><strong>arridet</strong></span> <span class='ocrx_word' id='word_1_793' title='bbox 1537 5213 1799 5284; x_wconf 78' lang='lat' dir='ltr'><strong>corymbo,</strong></span> <span class='ocrx_word' id='word_1_794' title='bbox 1850 5213 1974 5283; x_wconf 90' lang='lat' dir='ltr'><strong>quia</strong></span> <span class='ocrx_word' id='word_1_795' title='bbox 2011 5213 2072 5284; x_wconf 88' lang='lat' dir='ltr'><strong>id</strong></span> <span class='ocrx_word' id='word_1_796' title='bbox 2094 5217 2167 5284; x_wconf 74' lang='lat' dir='ltr'><strong>ait</strong></span> 
     </span>
    </p>
   </div>
   <div class='ocr_carea' id='block_1_117' title="bbox 587 5282 2169 5355">
    <p class='ocr_par' dir='ltr' id='par_1_117' title="bbox 587 5282 2169 5355">
     <span class='ocr_line' id='line_1_122' title="bbox 587 5282 2169 5355; baseline 0.003 -21"><span class='ocrx_word' id='word_1_797' title='bbox 587 5282 782 5355; x_wconf 82' lang='lat' dir='ltr'><strong>olivam</strong></span> <span class='ocrx_word' id='word_1_798' title='bbox 832 5282 1021 5355; x_wconf 81' lang='lat' dir='ltr'><strong>referri</strong></span> <span class='ocrx_word' id='word_1_799' title='bbox 1065 5298 1222 5352; x_wconf 90' lang='lat' dir='ltr'><strong>posse</strong></span> <span class='ocrx_word' id='word_1_800' title='bbox 1260 5299 1376 5355; x_wconf 94' lang='lat' dir='ltr'><strong>_non</strong></span> <span class='ocrx_word' id='word_1_801' title='bbox 1427 5282 1665 5349; x_wconf 83' lang='lat' dir='ltr'><strong>videtur;</strong></span> <span class='ocrx_word' id='word_1_802' title='bbox 1718 5292 1774 5339; x_wconf 92' lang='lat' dir='ltr'><strong>et</strong></span> <span class='ocrx_word' id='word_1_803' title='bbox 1820 5282 2169 5355; x_wconf 83' lang='lat' dir='ltr'><strong>cclymbades</strong></span> 
     </span>
    </p>
   </div>
   <div class='ocr_carea' id='block_1_118' title="bbox 586 5352 2165 5424">
    <p class='ocr_par' dir='ltr' id='par_1_118' title="bbox 586 5352 2165 5424">
     <span class='ocr_line' id='line_1_123' title="bbox 586 5352 2165 5424; baseline 0.001 -20"><span class='ocrx_word' id='word_1_804' title='bbox 586 5352 743 5406; x_wconf 77' lang='lat' dir='ltr'><strong>olivae</strong></span> <span class='ocrx_word' id='word_1_805' title='bbox 771 5355 913 5421; x_wconf 90' lang='lat' dir='ltr'><strong>apud</strong></span> <span class='ocrx_word' id='word_1_806' title='bbox 952 5354 1201 5424; x_wconf 90' lang='lat' dir='ltr'><strong>Plinium,</strong></span> <span class='ocrx_word' id='word_1_807' title='bbox 1245 5353 1617 5422; x_wconf 83' lang='lat' dir='ltr'><strong>Columellam,</strong></span> <span class='ocrx_word' id='word_1_808' title='bbox 1669 5355 1807 5409; x_wconf 90' lang='lat' dir='ltr'><strong>alios</strong></span> <span class='ocrx_word' id='word_1_809' title='bbox 1834 5352 2124 5409; x_wconf 79' lang='lat' dir='ltr'><strong>occurrunt</strong></span> <span class='ocrx_word' id='word_1_810' title='bbox 2154 5373 2165 5406; x_wconf 89' lang='lat'>:</span> 
     </span>
    </p>
   </div>
   <div class='ocr_carea' id='block_1_119' title="bbox 584 5423 2170 5494">
    <p class='ocr_par' dir='ltr' id='par_1_119' title="bbox 584 5423 2170 5494">
     <span class='ocr_line' id='line_1_124' title="bbox 584 5423 2170 5494; baseline 0.003 -19"><span class='ocrx_word' id='word_1_811' title='bbox 584 5438 704 5489; x_wconf 65' lang='lat' dir='ltr'><strong>qua</strong></span> <span class='ocrx_word' id='word_1_812' title='bbox 735 5423 808 5478; x_wconf 92' lang='lat' dir='ltr'><strong>ita</strong></span> <span class='ocrx_word' id='word_1_813' title='bbox 833 5423 1168 5492; x_wconf 87' lang='lat' dir='ltr'><strong>dicebantur,</strong></span> <span class='ocrx_word' id='word_1_814' title='bbox 1189 5423 1345 5494; x_wconf 85' lang='lat' dir='ltr'><strong>quod</strong></span> <span class='ocrx_word' id='word_1_815' title='bbox 1372 5428 1577 5490; x_wconf 70' lang='lat' dir='ltr'><strong>muriae,</strong></span> <span class='ocrx_word' id='word_1_816' title='bbox 1611 5441 1714 5494; x_wconf 90' lang='lat' dir='ltr'><strong>qua</strong></span> <span class='ocrx_word' id='word_1_817' title='bbox 1741 5435 1897 5481; x_wconf 87' lang='lat' dir='ltr'><strong>erant</strong></span> <span class='ocrx_word' id='word_1_818' title='bbox 1939 5425 2170 5480; x_wconf 68' lang='lat' dir='ltr'><strong>condita:</strong></span> 
     </span>
    </p>
   </div>
   <div class='ocr_carea' id='block_1_120' title="bbox 584 5495 2170 5567">
    <p class='ocr_par' dir='ltr' id='par_1_120' title="bbox 584 5495 2170 5567">
     <span class='ocr_line' id='line_1_125' title="bbox 584 5495 2170 5567; baseline 0.001 -21"><span class='ocrx_word' id='word_1_819' title='bbox 584 5495 911 5567; x_wconf 82' lang='lat' dir='ltr'><strong>innatarent.</strong></span> <span class='ocrx_word' id='word_1_820' title='bbox 964 5498 1091 5552; x_wconf 81' lang='lat' dir='ltr'><strong>Muli</strong></span> <span class='ocrx_word' id='word_1_821' title='bbox 1139 5498 1226 5552; x_wconf 88' lang='lat' dir='ltr'><strong>alii</strong></span> <span class='ocrx_word' id='word_1_822' title='bbox 1275 5497 1598 5567; x_wconf 84' lang='lat' dir='ltr'><strong>colymbades</strong></span> <span class='ocrx_word' id='word_1_823' title='bbox 1638 5497 1795 5550; x_wconf 85' lang='lat' dir='ltr'><strong>olivas</strong></span> <span class='ocrx_word' id='word_1_824' title='bbox 1836 5498 1888 5550; x_wconf 91' lang='lat' dir='ltr'><strong>in</strong></span> <span class='ocrx_word' id='word_1_825' title='bbox 1920 5497 2170 5567; x_wconf 81' lang='lat' dir='ltr'><strong>colymbo</strong></span> 
     </span>
    </p>
   </div>
   <div class='ocr_carea' id='block_1_121' title="bbox 581 5564 2169 5639">
    <p class='ocr_par' dir='ltr' id='par_1_121' title="bbox 581 5564 2169 5639">
     <span class='ocr_line' id='line_1_126' title="bbox 581 5564 2169 5639; baseline 0.001 -22"><span class='ocrx_word' id='word_1_826' title='bbox 581 5564 852 5639; x_wconf 71' lang='lat' dir='ltr'><strong>cogitant;</strong></span> <span class='ocrx_word' id='word_1_827' title='bbox 900 5567 994 5639; x_wconf 88' lang='lat' dir='ltr'><strong>sed</strong></span> <span class='ocrx_word' id='word_1_828' title='bbox 1023 5584 1129 5623; x_wconf 92' lang='lat' dir='ltr'><strong>non</strong></span> <span class='ocrx_word' id='word_1_829' title='bbox 1160 5569 1314 5624; x_wconf 90' lang='lat' dir='ltr'><strong>video</strong></span> <span class='ocrx_word' id='word_1_830' title='bbox 1355 5564 1457 5639; x_wconf 79' lang='lat' dir='ltr'><strong>qua</strong></span> <span class='ocrx_word' id='word_1_831' title='bbox 1503 5570 1710 5622; x_wconf 88' lang='lat' dir='ltr'><strong>ratione</strong></span> <span class='ocrx_word' id='word_1_832' title='bbox 1738 5566 2003 5639; x_wconf 80' lang='lat' dir='ltr'><strong>colymbtts</strong></span> <span class='ocrx_word' id='word_1_833' title='bbox 2047 5565 2169 5632; x_wconf 90' lang='lat' dir='ltr'><strong>poni</strong></span> 
     </span>
    </p>
   </div>
   <div class='ocr_carea' id='block_1_122' title="bbox 584 5635 2171 5708">
    <p class='ocr_par' dir='ltr' id='par_1_122' title="bbox 584 5635 2171 5708">
     <span class='ocr_line' id='line_1_127' title="bbox 584 5635 2171 5708; baseline -0.001 -20"><span class='ocrx_word' id='word_1_834' title='bbox 584 5635 758 5708; x_wconf 83' lang='lat' dir='ltr'><strong>possit</strong></span> <span class='ocrx_word' id='word_1_835' title='bbox 784 5651 885 5706; x_wconf 90' lang='lat' dir='ltr'><strong>pro</strong></span> <span class='ocrx_word' id='word_1_836' title='bbox 909 5637 1065 5702; x_wconf 90' lang='lat' dir='ltr'><strong>oleis,</strong></span> <span class='ocrx_word' id='word_1_837' title='bbox 1095 5643 1338 5708; x_wconf 80' lang='lat' dir='ltr'><strong>quamvis</strong></span> <span class='ocrx_word' id='word_1_838' title='bbox 1365 5635 1525 5694; x_wconf 64' lang='lat' dir='ltr'><strong>olivae</strong></span> <span class='ocrx_word' id='word_1_839' title='bbox 1554 5655 1584 5693; x_wconf 85' lang='lat' dir='ltr'><strong>a</strong></span> <span class='ocrx_word' id='word_1_840' title='bbox 1619 5635 1893 5708; x_wconf 82' lang='lat' dir='ltr'><strong>colymbo,</strong></span> <span class='ocrx_word' id='word_1_841' title='bbox 1939 5639 2054 5708; x_wconf 82' lang='lat' dir='ltr'><strong>sive</strong></span> <span class='ocrx_word' id='word_1_842' title='bbox 2077 5652 2171 5688; x_wconf 87' lang='lat' dir='ltr'><strong>na-</strong></span> 
     </span>
    </p>
   </div>
   <div class='ocr_carea' id='block_1_123' title="bbox 585 5705 2168 5778">
    <p class='ocr_par' dir='ltr' id='par_1_123' title="bbox 585 5705 2168 5778">
     <span class='ocr_line' id='line_1_128' title="bbox 585 5705 2168 5778; baseline 0.001 -20"><span class='ocrx_word' id='word_1_843' title='bbox 585 5705 1131 5778; x_wconf 31' lang='lat' dir='ltr'><strong>tatione’colymbades</strong></span> <span class='ocrx_word' id='word_1_844' title='bbox 1170 5710 1436 5765; x_wconf 89' lang='lat' dir='ltr'><strong>dicantur.</strong></span> <span class='ocrx_word' id='word_1_845' title='bbox 1491 5705 1806 5764; x_wconf 80' lang='lat' dir='ltr'><strong>Parrhasius</strong></span> <span class='ocrx_word' id='word_1_846' title='bbox 1851 5707 2040 5778; x_wconf 84' lang='lat' dir='ltr'><strong>scribit</strong></span> <span class='ocrx_word' id='word_1_847' title='bbox 2078 5721 2168 5760; x_wconf 85' lang='lat' dir='ltr'><strong>cu-</strong></span> 
     </span>
    </p>
   </div>
   <div class='ocr_carea' id='block_1_124' title="bbox 585 5775 2167 5852">
    <p class='ocr_par' dir='ltr' id='par_1_124' title="bbox 585 5775 2167 5852">
     <span class='ocr_line' id='line_1_129' title="bbox 585 5775 2167 5852; baseline 0.001 -23"><span class='ocrx_word' id='word_1_848' title='bbox 585 5775 778 5852; x_wconf 67' lang='lat' dir='ltr'><strong>lyntbo,</strong></span> <span class='ocrx_word' id='word_1_849' title='bbox 827 5775 998 5852; x_wconf 12' lang='lat' dir='ltr'><strong>et&#39;iait</strong></span> <span class='ocrx_word' id='word_1_850' title='bbox 1039 5782 1342 5852; x_wconf 88' lang='lat' dir='ltr'><strong>colymbum</strong></span> <span class='ocrx_word' id='word_1_851' title='bbox 1383 5796 1505 5838; x_wconf 89' lang='lat' dir='ltr'><strong>esse</strong></span> <span class='ocrx_word' id='word_1_852' title='bbox 1553 5781 1759 5835; x_wconf 89' lang='lat' dir='ltr'><strong>labrum</strong></span> <span class='ocrx_word' id='word_1_853' title='bbox 1791 5794 1898 5852; x_wconf 83' lang='lat' dir='ltr'><strong>quo</strong></span> <span class='ocrx_word' id='word_1_854' title='bbox 1924 5777 2167 5832; x_wconf 87' lang='lat' dir='ltr'><strong>deﬂuens</strong></span> 
     </span>
    </p>
   </div>
   <div class='ocr_carea' id='block_1_125' title="bbox 587 5846 2165 5922">
    <p class='ocr_par' dir='ltr' id='par_1_125' title="bbox 587 5846 2165 5922">
     <span class='ocr_line' id='line_1_130' title="bbox 587 5846 2165 5922; baseline -0.004 -14"><span class='ocrx_word' id='word_1_855' title='bbox 587 5846 728 5908; x_wconf 72' lang='lat' dir='ltr'><strong>unde</strong></span> <span class='ocrx_word' id='word_1_856' title='bbox 752 5851 1036 5922; x_wconf 79' lang='lat' dir='ltr'><strong>excipitur.</strong></span> <span class='ocrx_word' id='word_1_857' title='bbox 1082 5846 1380 5921; x_wconf 76' lang='lat' dir='ltr'><strong>.ltinningus</strong></span> <span class='ocrx_word' id='word_1_858' title='bbox 1419 5852 1723 5919; x_wconf 88' lang='lat' dir='ltr'><strong>colymbum</strong></span> <span class='ocrx_word' id='word_1_859' title='bbox 1752 5846 1981 5920; x_wconf 80' lang='lat' dir='ltr'><strong>explicat</strong></span> <span class='ocrx_word' id='word_1_860' title='bbox 2007 5861 2165 5902; x_wconf 83' lang='lat' dir='ltr'><strong>cana-</strong></span> 
     </span>
    </p>
   </div>
   <div class='ocr_carea' id='block_1_126' title="bbox 2278 4573 3826 4646">
    <p class='ocr_par' dir='ltr' id='par_1_126' title="bbox 2278 4573 3826 4646">
     <span class='ocr_line' id='line_1_131' title="bbox 2278 4573 3826 4646; baseline -0.003 -17"><span class='ocrx_word' id='word_1_861' title='bbox 2278 4578 2417 4631; x_wconf 88' lang='lat' dir='ltr'><strong>licali</strong></span> <span class='ocrx_word' id='word_1_862' title='bbox 2447 4573 2676 4632; x_wconf 85' lang='lat' dir='ltr'><strong>constat.</strong></span> <span class='ocrx_word' id='word_1_863' title='bbox 2707 4573 3162 4632; x_wconf 32' lang='lat' dir='ltr'><strong>Prudentius—lib.</strong></span> <span class='ocrx_word' id='word_1_864' title='bbox 3195 4594 3209 4632; x_wconf 83' lang='grc' dir='ltr'><strong><em>ι</em></strong></span> <span class='ocrx_word' id='word_1_865' title='bbox 3240 4577 3291 4630; x_wconf 92' lang='lat' dir='ltr'><strong>in</strong></span> <span class='ocrx_word' id='word_1_866' title='bbox 3321 4576 3530 4646; x_wconf 84' lang='lat' dir='ltr'><strong>Symm.</strong></span> <span class='ocrx_word' id='word_1_867' title='bbox 3561 4589 3696 4646; x_wconf 79' lang='lat' dir='ltr'><strong>vers.</strong></span> <span class='ocrx_word' id='word_1_868' title='bbox 3723 4573 3826 4632; x_wconf 76' lang='grc'>585.</span> 
     </span>
    </p>
   </div>
   <div class='ocr_carea' id='block_1_127' title="bbox 2280 4645 3829 4719">
    <p class='ocr_par' dir='ltr' id='par_1_127' title="bbox 2280 4645 3829 4719">
     <span class='ocr_line' id='line_1_132' title="bbox 2280 4645 3829 4719; baseline -0.005 -18"><span class='ocrx_word' id='word_1_869' title='bbox 2280 4649 2394 4710; x_wconf 75' lang='lat' dir='ltr'><strong>Quo</strong></span> <span class='ocrx_word' id='word_1_870' title='bbox 2419 4649 2546 4701; x_wconf 88' lang='lat' dir='ltr'><strong>cinis</strong></span> <span class='ocrx_word' id='word_1_871' title='bbox 2586 4649 2826 4719; x_wconf 13' lang='lat' dir='ltr'><strong>illeilatet</strong></span> <span class='ocrx_word' id='word_1_872' title='bbox 2855 4648 3100 4719; x_wconf 88' lang='lat' dir='ltr'><strong>genitoris</strong></span> <span class='ocrx_word' id='word_1_873' title='bbox 3144 4645 3378 4719; x_wconf 79' lang='lat' dir='ltr'><strong>amabilis</strong></span> <span class='ocrx_word' id='word_1_874' title='bbox 3404 4647 3579 4719; x_wconf 74' lang='lat' dir='ltr'><strong>obses._</strong></span> <span class='ocrx_word' id='word_1_875' title='bbox 3605 4645 3676 4700; x_wconf 82' lang='lat' dir='ltr'><strong>Ita</strong></span> <span class='ocrx_word' id='word_1_876' title='bbox 3700 4652 3829 4719; x_wconf 78' lang='lat' dir='ltr'><strong>vocat</strong></span> 
     </span>
    </p>
   </div>
   <div class='ocr_carea' id='block_1_128' title="bbox 2277 4714 3829 4780">
    <p class='ocr_par' dir='ltr' id='par_1_128' title="bbox 2277 4714 3829 4780">
     <span class='ocr_line' id='line_1_133' title="bbox 2277 4714 3829 4780; baseline -0.006 -9"><span class='ocrx_word' id='word_1_877' title='bbox 2277 4719 2334 4771; x_wconf 91' lang='lat' dir='ltr'><strong>S.</strong></span> <span class='ocrx_word' id='word_1_878' title='bbox 2382 4719 2620 4777; x_wconf 81' lang='lat' dir='ltr'><strong>Petrum.</strong></span> <span class='ocrx_word' id='word_1_879' title='bbox 2681 4714 3151 4772; x_wconf 81' lang='lat' dir='ltr'><strong>Eminéntissimus</strong></span> <span class='ocrx_word' id='word_1_880' title='bbox 3204 4717 3494 4771; x_wconf 90' lang='lat' dir='ltr'><strong>cardinalis</strong></span> <span class='ocrx_word' id='word_1_881' title='bbox 3541 4714 3829 4780; x_wconf 84' lang='lat' dir='ltr'><strong>Garampius</strong></span> 
     </span>
    </p>
   </div>
   <div class='ocr_carea' id='block_1_129' title="bbox 2275 4784 3829 4856">
    <p class='ocr_par' dir='ltr' id='par_1_129' title="bbox 2275 4784 3829 4856">
     <span class='ocr_line' id='line_1_134' title="bbox 2275 4784 3829 4856; baseline -0.005 -15"><span class='ocrx_word' id='word_1_882' title='bbox 2275 4790 2531 4856; x_wconf 83' lang='lat' dir='ltr'><strong>singulari</strong></span> <span class='ocrx_word' id='word_1_883' title='bbox 2555 4790 2796 4842; x_wconf 86' lang='lat' dir='ltr'><strong>doctrina</strong></span> <span class='ocrx_word' id='word_1_884' title='bbox 2837 4799 2890 4842; x_wconf 92' lang='lat' dir='ltr'><strong>et</strong></span> <span class='ocrx_word' id='word_1_885' title='bbox 2941 4789 3243 4844; x_wconf 85' lang='lat' dir='ltr'><strong>eruditione</strong></span> <span class='ocrx_word' id='word_1_886' title='bbox 3272 4788 3469 4854; x_wconf 90' lang='lat' dir='ltr'><strong>ubique</strong></span> <span class='ocrx_word' id='word_1_887' title='bbox 3509 4784 3829 4856; x_wconf 27' lang='lat' dir='ltr'><strong>notuspdum</strong></span> 
     </span>
    </p>
   </div>
   <div class='ocr_carea' id='block_1_130' title="bbox 2276 4853 3831 4928">
    <p class='ocr_par' dir='ltr' id='par_1_130' title="bbox 2276 4853 3831 4928">
     <span class='ocr_line' id='line_1_135' title="bbox 2276 4853 3831 4928; baseline -0.005 -17"><span class='ocrx_word' id='word_1_888' title='bbox 2276 4853 2519 4912; x_wconf 79' lang='lat' dir='ltr'><strong>nuntium</strong></span> <span class='ocrx_word' id='word_1_889' title='bbox 2563 4860 2915 4928; x_wconf 90' lang='lat' dir='ltr'><strong>apostolicum</strong></span> <span class='ocrx_word' id='word_1_890' title='bbox 2945 4858 3012 4911; x_wconf 90' lang='lat' dir='ltr'><strong>ad</strong></span> <span class='ocrx_word' id='word_1_891' title='bbox 3044 4857 3308 4913; x_wconf 67' lang='lat' dir='ltr'><strong>Cmsarem</strong></span> <span class='ocrx_word' id='word_1_892' title='bbox 3360 4853 3566 4928; x_wconf 76' lang='lat' dir='ltr'><strong>ageret,</strong></span> <span class='ocrx_word' id='word_1_893' title='bbox 3608 4853 3831 4928; x_wconf 8' lang='lat' dir='ltr'><strong>inﬁdiplo-</strong></span> 
     </span>
    </p>
   </div>
   <div class='ocr_carea' id='block_1_131' title="bbox 2277 4927 3831 4996">
    <p class='ocr_par' dir='ltr' id='par_1_131' title="bbox 2277 4927 3831 4996">
     <span class='ocr_line' id='line_1_136' title="bbox 2277 4927 3831 4996; baseline -0.003 -15"><span class='ocrx_word' id='word_1_894' title='bbox 2277 4940 2418 4983; x_wconf 88' lang='lat' dir='ltr'><strong>tnate</strong></span> <span class='ocrx_word' id='word_1_895' title='bbox 2450 4934 2573 4984; x_wconf 85' lang='lat' dir='ltr'><strong>dato</strong></span> <span class='ocrx_word' id='word_1_896' title='bbox 2603 4927 2874 4983; x_wconf 74' lang='lat' dir='ltr'><strong>\‘ars-ivim</strong></span> <span class='ocrx_word' id='word_1_897' title='bbox 2905 4928 2968 4982; x_wconf 78' lang='lat' dir='ltr'><strong>M</strong></span> <span class='ocrx_word' id='word_1_898' title='bbox 3000 4929 3274 4983; x_wconf 82' lang='lat' dir='ltr'><strong>Februarii</strong></span> <span class='ocrx_word' id='word_1_899' title='bbox 3301 4927 3458 4989; x_wconf 71' lang='lat' dir='ltr'><strong>i774,</strong></span> <span class='ocrx_word' id='word_1_900' title='bbox 3491 4927 3831 4996; x_wconf 82' lang='lat' dir='ltr'><strong>antiquitatem</strong></span> 
     </span>
    </p>
   </div>
   <div class='ocr_carea' id='block_1_132' title="bbox 2276 4995 3832 5068">
    <p class='ocr_par' dir='ltr' id='par_1_132' title="bbox 2276 4995 3832 5068">
     <span class='ocr_line' id='line_1_137' title="bbox 2276 4995 3832 5068; baseline -0.004 -16"><span class='ocrx_word' id='word_1_901' title='bbox 2276 5000 2534 5067; x_wconf 82' lang='lat' dir='ltr'><strong>imitatus,</strong></span> <span class='ocrx_word' id='word_1_902' title='bbox 2563 5002 2857 5068; x_wconf 86' lang='lat' dir='ltr'><strong>principem</strong></span> <span class='ocrx_word' id='word_1_903' title='bbox 2883 4999 3244 5065; x_wconf 79' lang='lat' dir='ltr'><strong>apostolorum</strong></span> <span class='ocrx_word' id='word_1_904' title='bbox 3279 5009 3534 5066; x_wconf 89' lang='lat' dir='ltr'><strong>pastorem</strong></span> <span class='ocrx_word' id='word_1_905' title='bbox 3563 4995 3832 5068; x_wconf 38' lang='lat' dir='ltr'><strong>ac&#39;nutrito-</strong></span> 
     </span>
    </p>
   </div>
   <div class='ocr_carea' id='block_1_133' title="bbox 2274 5067 3831 5139">
    <p class='ocr_par' dir='ltr' id='par_1_133' title="bbox 2274 5067 3831 5139">
     <span class='ocr_line' id='line_1_138' title="bbox 2274 5067 3831 5139; baseline -0.004 -16"><span class='ocrx_word' id='word_1_906' title='bbox 2274 5087 2381 5124; x_wconf 86' lang='lat' dir='ltr'><strong>rem</strong></span> <span class='ocrx_word' id='word_1_907' title='bbox 2428 5067 2658 5126; x_wconf 84' lang='lat' dir='ltr'><strong>nostrum</strong></span> <span class='ocrx_word' id='word_1_908' title='bbox 2682 5067 2984 5139; x_wconf 81' lang='lat' dir='ltr'><strong>opportune</strong></span> <span class='ocrx_word' id='word_1_909' title='bbox 3017 5071 3359 5137; x_wconf 91' lang='lat' dir='ltr'><strong>nuncupavit.</strong></span> <span class='ocrx_word' id='word_1_910' title='bbox 3411 5067 3725 5139; x_wconf 79' lang='lat' dir='ltr'><strong>Prudentius</strong></span> <span class='ocrx_word' id='word_1_911' title='bbox 3752 5080 3831 5117; x_wconf 86' lang='lat' dir='ltr'><strong>au-</strong></span> 
     </span>
    </p>
   </div>
   <div class='ocr_carea' id='block_1_134' title="bbox 2275 5137 3834 5207">
    <p class='ocr_par' dir='ltr' id='par_1_134' title="bbox 2275 5137 3834 5207">
     <span class='ocr_line' id='line_1_139' title="bbox 2275 5137 3834 5207; baseline -0.006 -12"><span class='ocrx_word' id='word_1_912' title='bbox 2275 5151 2380 5196; x_wconf 88' lang='lat' dir='ltr'><strong>tem</strong></span> <span class='ocrx_word' id='word_1_913' title='bbox 2414 5143 2517 5196; x_wconf 93' lang='lat' dir='ltr'><strong>hoc</strong></span> <span class='ocrx_word' id='word_1_914' title='bbox 2563 5143 2614 5196; x_wconf 91' lang='lat' dir='ltr'><strong>in</strong></span> <span class='ocrx_word' id='word_1_915' title='bbox 2667 5137 2784 5195; x_wconf 69' lang='lat' dir='ltr'><strong>loco</strong></span> <span class='ocrx_word' id='word_1_916' title='bbox 2815 5142 3112 5194; x_wconf 79' lang='lat' dir='ltr'><strong>Romanum</strong></span> <span class='ocrx_word' id='word_1_917' title='bbox 3159 5140 3464 5207; x_wconf 79' lang='lat' dir='ltr'><strong>pontiﬁcem</strong></span> <span class='ocrx_word' id='word_1_918' title='bbox 3507 5137 3761 5205; x_wconf 89' lang='lat' dir='ltr'><strong>designat,</strong></span> <span class='ocrx_word' id='word_1_919' title='bbox 3787 5141 3834 5207; x_wconf 83' lang='lat' dir='ltr'><strong>et</strong></span> 
     </span>
    </p>
   </div>
   <div class='ocr_carea' id='block_1_135' title="bbox 2277 5206 3832 5282">
    <p class='ocr_par' dir='ltr' id='par_1_135' title="bbox 2277 5206 3832 5282">
     <span class='ocr_line' id='line_1_140' title="bbox 2277 5206 3832 5282; baseline -0.005 -18"><span class='ocrx_word' id='word_1_920' title='bbox 2277 5212 2622 5282; x_wconf 89' lang='lat' dir='ltr'><strong>probabiliter</strong></span> <span class='ocrx_word' id='word_1_921' title='bbox 2654 5212 2828 5280; x_wconf 86' lang='lat' dir='ltr'><strong>ipsum</strong></span> <span class='ocrx_word' id='word_1_922' title='bbox 2859 5206 3169 5273; x_wconf 75' lang='lat' dir='ltr'><strong>Damasum,</strong></span> <span class='ocrx_word' id='word_1_923' title='bbox 3189 5211 3279 5279; x_wconf 90' lang='lat' dir='ltr'><strong>qui</strong></span> <span class='ocrx_word' id='word_1_924' title='bbox 3310 5206 3832 5282; x_wconf 76' lang='lat' dir='ltr'><strong>fontem_con_stru_xit.</strong></span> 
     </span>
    </p>
   </div>
   <div class='ocr_carea' id='block_1_136' title="bbox 2276 5276 3834 5350">
    <p class='ocr_par' dir='ltr' id='par_1_136' title="bbox 2276 5276 3834 5350">
     <span class='ocr_line' id='line_1_141' title="bbox 2276 5276 3834 5350; baseline -0.006 -15"><span class='ocrx_word' id='word_1_925' title='bbox 2276 5276 2553 5336; x_wconf 84' lang='lat' dir='ltr'><strong>Ennodius</strong></span> <span class='ocrx_word' id='word_1_926' title='bbox 2588 5283 2642 5336; x_wconf 91' lang='lat' dir='ltr'><strong>in</strong></span> <span class='ocrx_word' id='word_1_927' title='bbox 2677 5276 2919 5335; x_wconf 61' lang='lat' dir='ltr'><strong>verSIbns</strong></span> <span class='ocrx_word' id='word_1_928' title='bbox 2949 5297 3083 5350; x_wconf 91' lang='lat' dir='ltr'><strong>quos</strong></span> <span class='ocrx_word' id='word_1_929' title='bbox 3134 5276 3260 5336; x_wconf 75' lang='lat' dir='ltr'><strong>ante</strong></span> <span class='ocrx_word' id='word_1_930' title='bbox 3293 5280 3478 5344; x_wconf 87' lang='lat' dir='ltr'><strong>retuli,</strong></span> <span class='ocrx_word' id='word_1_931' title='bbox 3509 5276 3834 5333; x_wconf 87' lang='lat' dir='ltr'><strong>Prudentium</strong></span> 
     </span>
    </p>
   </div>
   <div class='ocr_carea' id='block_1_137' title="bbox 2274 5350 3836 5419">
    <p class='ocr_par' dir='ltr' id='par_1_137' title="bbox 2274 5350 3836 5419">
     <span class='ocr_line' id='line_1_142' title="bbox 2274 5350 3836 5419; baseline -0.008 -13"><span class='ocrx_word' id='word_1_932' title='bbox 2274 5355 2551 5407; x_wconf 57' lang='lat' dir='ltr'><strong>tumulatus</strong></span> <span class='ocrx_word' id='word_1_933' title='bbox 2580 5355 2792 5407; x_wconf 82' lang='lat' dir='ltr'><strong>videtur</strong></span> <span class='ocrx_word' id='word_1_934' title='bbox 2837 5370 2849 5404; x_wconf 92' lang='lat'>:</span> <span class='ocrx_word' id='word_1_935' title='bbox 2902 5350 3130 5403; x_wconf 80' lang='lat' dir='ltr'><strong>Provida</strong></span> <span class='ocrx_word' id='word_1_936' title='bbox 3174 5351 3394 5419; x_wconf 84' lang='lat' dir='ltr'><strong>pastoris</strong></span> <span class='ocrx_word' id='word_1_937' title='bbox 3427 5367 3517 5418; x_wconf 85' lang='lat' dir='ltr'><strong>per</strong></span> <span class='ocrx_word' id='word_1_938' title='bbox 3541 5358 3694 5419; x_wconf 83' lang='lat' dir='ltr'><strong>totum</strong></span> <span class='ocrx_word' id='word_1_939' title='bbox 3731 5361 3836 5397; x_wconf 75' lang='lat' dir='ltr'><strong>cum</strong></span> 
     </span>
    </p>
   </div>
   <div class='ocr_carea' id='block_1_138' title="bbox 2275 5418 3838 5492">
    <p class='ocr_par' dir='ltr' id='par_1_138' title="bbox 2275 5418 3838 5492">
     <span class='ocr_line' id='line_1_143' title="bbox 2275 5418 3838 5492; baseline -0.007 -17"><span class='ocrx_word' id='word_1_940' title='bbox 2275 5421 2461 5478; x_wconf 88' lang='lat' dir='ltr'><strong>Leonis</strong></span> <span class='ocrx_word' id='word_1_941' title='bbox 2491 5422 2620 5478; x_wconf 75' lang='grc' dir='ltr'><strong>Ηωε</strong></span> <span class='ocrx_word' id='word_1_942' title='bbox 2642 5425 2814 5476; x_wconf 85' lang='lat' dir='ltr'><strong>oribus</strong></span> <span class='ocrx_word' id='word_1_943' title='bbox 2847 5421 3038 5476; x_wconf 86' lang='lat' dir='ltr'><strong>Christi</strong></span> <span class='ocrx_word' id='word_1_944' title='bbox 3078 5418 3221 5492; x_wconf 84' lang='lat' dir='ltr'><strong>larga</strong></span> <span class='ocrx_word' id='word_1_945' title='bbox 3241 5423 3437 5490; x_wconf 80' lang='lat' dir='ltr'><strong>ﬂuenta</strong></span> <span class='ocrx_word' id='word_1_946' title='bbox 3462 5420 3624 5474; x_wconf 87' lang='lat' dir='ltr'><strong>dedit.</strong></span> <span class='ocrx_word' id='word_1_947' title='bbox 3660 5418 3709 5471; x_wconf 89' lang='lat' dir='ltr'><strong>In</strong></span> <span class='ocrx_word' id='word_1_948' title='bbox 3736 5419 3838 5468; x_wconf 85' lang='lat' dir='ltr'><strong>l&#39;ru-</strong></span> 
     </span>
    </p>
   </div>
   <div class='ocr_carea' id='block_1_139' title="bbox 2274 5493 3838 5566">
    <p class='ocr_par' dir='ltr' id='par_1_139' title="bbox 2274 5493 3838 5566">
     <span class='ocr_line' id='line_1_144' title="bbox 2274 5493 3838 5566; baseline -0.005 -21"><span class='ocrx_word' id='word_1_949' title='bbox 2274 5494 2458 5566; x_wconf 81' lang='lat' dir='ltr'><strong>dentio</strong></span> <span class='ocrx_word' id='word_1_950' title='bbox 2489 5496 2650 5564; x_wconf 85' lang='lat' dir='ltr'><strong>gelidi</strong></span> <span class='ocrx_word' id='word_1_951' title='bbox 2674 5495 2842 5563; x_wconf 81' lang='lat' dir='ltr'><strong>rigore</strong></span> <span class='ocrx_word' id='word_1_952' title='bbox 2873 5493 3032 5563; x_wconf 80' lang='lat' dir='ltr'><strong>{antis</strong></span> <span class='ocrx_word' id='word_1_953' title='bbox 3075 5494 3338 5566; x_wconf 78' lang='lat' dir='ltr'><strong>accipitur</strong></span> <span class='ocrx_word' id='word_1_954' title='bbox 3375 5493 3521 5559; x_wconf 83' lang='lat' dir='ltr'><strong>rigor</strong></span> <span class='ocrx_word' id='word_1_955' title='bbox 3551 5505 3642 5559; x_wconf 85' lang='lat' dir='ltr'><strong>pro</strong></span> <span class='ocrx_word' id='word_1_956' title='bbox 3669 5501 3838 5552; x_wconf 75' lang='lat' dir='ltr'><strong>magno</strong></span> 
     </span>
    </p>
   </div>
   <div class='ocr_carea' id='block_1_140' title="bbox 2276 5565 3206 5619">
    <p class='ocr_par' dir='ltr' id='par_1_140' title="bbox 2276 5565 3206 5619">
     <span class='ocr_line' id='line_1_145' title="bbox 2276 5565 3206 5619; baseline 0.016 -4"><span class='ocrx_word' id='word_1_957' title='bbox 2276 5565 2490 5619; x_wconf 78' lang='lat' dir='ltr'><strong>friaore.</strong></span> <span class='ocrx_word' id='word_1_958' title='bbox 3201 5569 3206 5575; x_wconf 75' lang='grc'><em>’</em></span> 
     </span>
    </p>
   </div>
   <div class='ocr_carea' id='block_1_141' title="bbox 2344 5582 3835 5706">
    <p class='ocr_par' dir='ltr' id='par_1_141' title="bbox 2344 5582 3835 5706">
     <span class='ocr_line' id='line_1_146' title="bbox 2344 5582 3835 5706; baseline 0 -17"><span class='ocrx_word' id='word_1_959' title='bbox 2344 5582 2813 5699; x_wconf 47' lang='grc' dir='ltr'><strong>ἕῖῗθίδπτιιθείυε,</strong></span> <span class='ocrx_word' id='word_1_960' title='bbox 2862 5632 3022 5706; x_wconf 66' lang='lat' dir='ltr'><strong>Vatt.</strong></span> <span class='ocrx_word' id='word_1_961' title='bbox 3051 5633 3113 5699; x_wconf 87' lang='grc' dir='ltr'><strong>Β,</strong></span> <span class='ocrx_word' id='word_1_962' title='bbox 3145 5630 3218 5706; x_wconf 20' lang='grc' dir='ltr'><strong>Δρ,</strong></span> <span class='ocrx_word' id='word_1_963' title='bbox 3268 5631 3432 5706; x_wconf 76' lang='lat' dir='ltr'><strong>Ma_r.,_</strong></span> <span class='ocrx_word' id='word_1_964' title='bbox 3470 5629 3652 5706; x_wconf 48' lang='lat' dir='ltr'><strong>Pragq</strong></span> <span class='ocrx_word' id='word_1_965' title='bbox 3707 5628 3835 5706; x_wconf 57' lang='grc' dir='ltr'><strong>ζξεξιο.</strong></span> 
     </span>
    </p>
   </div>
   <div class='ocr_carea' id='block_1_142' title="bbox 2273 5697 3835 5842">
    <p class='ocr_par' dir='ltr' id='par_1_142' title="bbox 2273 5697 3835 5842">
     <span class='ocr_line' id='line_1_147' title="bbox 2274 5697 3835 5772; baseline -0.007 -12"><span class='ocrx_word' id='word_1_966' title='bbox 2274 5703 2491 5771; x_wconf 86' lang='lat' dir='ltr'><strong>Weitz.,</strong></span> <span class='ocrx_word' id='word_1_967' title='bbox 2526 5706 2662 5771; x_wconf 86' lang='lat' dir='ltr'><strong>Gis.,</strong></span> <span class='ocrx_word' id='word_1_968' title='bbox 2697 5697 2907 5769; x_wconf 84' lang='lat' dir='ltr'><strong>i-leins.,</strong></span> <span class='ocrx_word' id='word_1_969' title='bbox 2940 5697 3106 5759; x_wconf 70' lang='lat' dir='ltr'><strong>videt.</strong></span> <span class='ocrx_word' id='word_1_970' title='bbox 3128 5697 3315 5769; x_wconf 78' lang='lat' dir='ltr'><strong>Alex.,</strong></span> <span class='ocrx_word' id='word_1_971' title='bbox 3342 5702 3497 5768; x_wconf 90' lang='lat' dir='ltr'><strong>Urb.,</strong></span> <span class='ocrx_word' id='word_1_972' title='bbox 3534 5697 3835 5772; x_wconf 71' lang='lat' dir='ltr'><strong>Egin.,&#39;\&#39;at.</strong></span> 
     </span>
     <span class='ocr_line' id='line_1_148' title="bbox 2273 5775 3754 5842; baseline -0.006 -11"><span class='ocrx_word' id='word_1_973' title='bbox 2273 5775 2341 5842; x_wconf 82' lang='grc' dir='ltr'><strong>Ο,</strong></span> <span class='ocrx_word' id='word_1_974' title='bbox 2375 5777 2521 5840; x_wconf 87' lang='lat' dir='ltr'><strong>Ald.,</strong></span> <span class='ocrx_word' id='word_1_975' title='bbox 2551 5777 2693 5829; x_wconf 85' lang='lat' dir='ltr'><strong>vidit.</strong></span> <span class='ocrx_word' id='word_1_976' title='bbox 3727 5838 3754 5842; x_wconf 91' lang='lat'><em>_</em></span> 
     </span>
    </p>
   </div>
   <div class='ocr_carea' id='block_1_143' title="bbox 2326 5777 2693 5841">
    <p class='ocr_par' dir='ltr' id='par_1_143' title="bbox 2326 5777 2693 5841">
     <span class='ocr_line' id='line_1_149' title="bbox 2326 5777 2693 5841; baseline -0.005 -11"><span class='ocrx_word' id='word_1_977' title='bbox 2326 5817 2341 5841; x_wconf 92' lang='lat'><strong>,</strong></span> <span class='ocrx_word' id='word_1_978' title='bbox 2375 5777 2521 5840; x_wconf 87' lang='lat' dir='ltr'><strong>Ald.,</strong></span> <span class='ocrx_word' id='word_1_979' title='bbox 2551 5777 2693 5829; x_wconf 85' lang='lat' dir='ltr'><strong>vidit.</strong></span> 
     </span>
    </p>
   </div>
   <div class='ocr_carea' id='block_1_144' title="bbox 2345 5838 3838 5914">
    <p class='ocr_par' dir='ltr' id='par_1_144' title="bbox 2345 5838 3838 5914">
     <span class='ocr_line' id='line_1_150' title="bbox 2345 5838 3838 5914; baseline -0.005 -12"><span class='ocrx_word' id='word_1_980' title='bbox 2345 5846 2436 5902; x_wconf 77' lang='grc'><strong>45.</strong></span> <span class='ocrx_word' id='word_1_981' title='bbox 2465 5838 2612 5912; x_wconf 83' lang='lat' dir='ltr'><strong>Ald.,</strong></span> <span class='ocrx_word' id='word_1_982' title='bbox 2640 5844 2799 5899; x_wconf 84' lang='lat' dir='ltr'><strong>Pauli</strong></span> <span class='ocrx_word' id='word_1_983' title='bbox 2836 5845 3080 5900; x_wconf 83' lang='lat' dir='ltr'><strong>titulum:</strong></span> <span class='ocrx_word' id='word_1_984' title='bbox 3128 5843 3244 5914; x_wconf 88' lang='lat' dir='ltr'><strong>lege</strong></span> <span class='ocrx_word' id='word_1_985' title='bbox 3285 5842 3492 5900; x_wconf 80' lang='lat' dir='ltr'><strong>titulum</strong></span> <span class='ocrx_word' id='word_1_986' title='bbox 3520 5842 3692 5903; x_wconf 80' lang='lat' dir='ltr'><strong>Pauli.</strong></span> <span class='ocrx_word' id='word_1_987' title='bbox 3727 5838 3838 5895; x_wconf 59' lang='lat' dir='ltr'><strong>Prw</strong></span> 
     </span>
    </p>
   </div>
  </div>
