3994 6290
134 5166 141 5230 l

126 5427 141 5626 ὅ

620 293 626 296 ”
643 300 694 318 κ.»

702 312 893 374 *δικ

486 491 599 560 Qua
621 493 835 568 stringit
861 493 1034 546 amnis
1062 491 1320 564 ceSpitem
1348 493 1645 551 sinistrum.

393 585 607 664 1198
632 585 794 655 Regia
828 599 1022 656 pompa
1053 585 1159 640 loci
1195 594 1278 640 est
1308 601 1321 639 :
1350 586 1601 656 princeps
1622 585 1798 641 bonus

1133 677 1254 753 [bas
1275 678 1512 734 sacravit
1538 692 1714 746 arces,

455 769 715 843 Lusitque
737 772 946 844 magnis
965 769 1227 828 ambitum
1260 770 1502 827 talentis.

388 859 697 917 Bracteolas
745 861 988 917 trabibus
1045 861 1294 929 sublevit,
1343 869 1402 916 ut
1439 861 1616 917 omnis
1640 875 1802 917 auru-

1560 952 1726 1025 [lenta

1331 379 1903 440 PERISTEPHANON
1941 380 2155 441 HYMN.
2198 383 2310 447 ΧΠ.

1821 489 2007 564 ΑΒΘ

2090 282 2240 292 ανθρ-

2154 494 2273 549 Lux
2294 501 2439 550 esset
2463 494 2625 563 intus,
2652 509 2751 551 ceu
2778 495 2937 565 iubar
2963 495 3063 550 sub
3091 502 3236 551 ortu.

2091 585 2308 656 .1199
2367 585 2614 642 Subdidit
2659 594 2715 643 et
2743 587 2919 657 parias
2965 586 3126 642 fulvis
3151 587 3493 658 laquearibus

3041 678 3058 751 [
3089 679 3388 742 columnas,

2156 768 2452 840 Distinguit
2475 770 2586 827 illic
2612 785 2748 841 quas
2771 780 3064 844 quaternus
3090 771 3242 826 ordo.

2081 861 2218 918 Tum
2276 876 2528 918 camuros
2583 862 2742 935 hyalo
2804 864 3000 936 insigni
3044 863 3192 920 varie
3252 862 3492 920 cucurrit

3201 954 3376 1026 [arcus
3399 973 3412 1008 :

1518 1066 1804 1124 GLOSStE
1843 1065 2183 1125 VETERES.

272 1181 362 1238 46.
394 1181 660 1252 Cespitem
690 1181 987 1245 sinistrum,
1039 1180 1404 1244 meridianum,
1433 1193 1579 1232 versa
1597 1179 1704 1230 vice
1723 1177 1791 1230 ad
1858 1188 1879 1206 '-
1969 1177 2061 1232 51..
2091 1177 2162 1231 Pa

272 1255 514 1301 ridentem
541 1254 777 1301 civitatis-
825 1253 1100 1301 Sinistrum
1141 1253 1308 1301 rinam
1333 1251 1477 1301 dicit.
1511 1249 1564 1300 id
1585 1257 1659 1301 est
1682 1264 1791 1301 πιε-
1860 1268 1863 1272 ·
1898 1249 2116 1301 auratis.
2146 1247 2162 1300 Ι

1860 1268 1863 1272 ·
1898 1264 2116 1311 auram,
2146 1264 2186 1300 ι.

207 1249 517 1309 occidentem
541 1254 777 1308 civitatis.
825 1253 1100 1308 Sinistram
1141 1253 1308 1324 ripam
1333 1251 1477 1314 dicit,
1511 1249 1564 1300 id
1585 1257 1659 1302 est
1682 1264 1791 1302 me-

208 1325 491 1389 ridianum,
513 1341 655 1378 versa
674 1326 779 1378 vice
800 1325 868 1379 ad
890 1325 1222 1387 occidentem,
1248 1323 1288 1376 l.

270 1394 362 1448 47.
406 1396 688 1464 Princeps,
742 1393 1128 1459 Constantinus,
1169 1395 1236 1459 l.,
1270 1391 1392 1448 Vat.
1425 1390 1493 1446 Δ.
1515 1391 1789 1454 -—Arces,

204 1465 390 1532 templa
411 1464 557 1520 Petri
579 1475 627 1519 et
650 1465 829 1530 Pauli,
866 1465 984 1522 Vat.
1016 1465 1081 1524 Δ.

272 1531 366 1591 l8.
393 1535 674 1606 Lusitque,
707 1537 927 1600 ornavit,
953 1535 1098 1605 quasi
1141 1533 1366 1588 ludendo
1398 1533 1536 1604 fecit.
1561 1560 1632 1572 —-
1663 1531 1792 1588 Am~

206 1605 394 1670 bitum,
427 1605 721 1673 circuitum,
747 1607 786 1662 Ι.

272 1677 361 1732 49.
395 1672 723 1742 Bracteolas,
770 1676 939 1734 trabes
978 1692 1096 1732 cum
1122 1672 1412 1742 bracteolis,
1445 1675 1683 1733 laminas.
1713 1702 1784 1714 —

205 1747 469 1814 Sublevit,
519 1747 868 1812 circumdedit,
906 1748 1107 1817 junxit,
1148 1765 1180 1800 a
1228 1745 1471 1806 liniendo.
1506 1773 1575 1786 —-
1605 1745 1785 1800 Auru-

208 1819 368 1888 lenta,
396 1834 526 1872 auro
547 1818 718 1888 plena.
747 1817 787 1871 Ι.

1969 1177 2061 1232 51..
2091 1173 2297 1249 Parias,
2330 1173 2942 1243 candidas,marmoreas.
2965 1208 3035 1217 —
3063 1176 3264 1245 Fulvis,
3290 1180 3484 1249 rubeis,

1923 1327 1940 1392 ς,
1972 1317 2366 1392 53.0amuros,
2419 1315 2800 1392 curvos,_Vat.
2859 1319 2926 1373 Δ.
2981 1319 3264 1392 Recurvos_,
3326 1319 3483 1392 Prag.

1900 1389 2116 1455 Curvos,
2173 1389 2452 1442 introrsum
2519 1388 2883 1458 respicientes;
2947 1405 3145 1445 curvos.
3207 1388 3487 1445 Camuruns

1894 1459 2083 1514 ‘Grteee
2127 1475 2371 1532 curvum;
2413 1458 2535 1532 inde
2588 1468 2845 1532 camerata
2891 1459 3072 1513 domus
3093 1463 3242 1532 cujus
3285 1461 3487 1518 testudo

1901 1547 2056 1585 curva
2079 1539 2153 1601 est
2169 1547 2185 1593 ;
2207 1530 2328 1583 inde
2354 1528 2609 1601 camelum
2641 1530 2837 1584 animal
2874 1528 3178 1601 tortuosum.
3202 1561 3271 1570 —
3293 1531 3484 1601 llyalo,

1906 1603 2056 1655 vitro.
2081 1599 2317 1672 Hyalum
2343 1599 2526 1654 Latine
2544 1603 2733 1654 vitrum
2759 1601 2974 1656 dicitur.
3004 1632 3076 1643 —-
3103 1599 3370 1665 Cucurrit,
3398 1599 3485 1658 ore

1887 1672 2058 1725 nando
2088 1686 2108 1734 ,'

1887 1752 1984 1806 tro,
2019 1742 2137 1796 Vat.
2169 1745 2259 1809 A.,
2285 1741 2480 1797 Rat.—
2511 1742 2783 1808 Cucurrit,
2815 1744 3004 1811 pinxit,
3034 1745 3154 1800 llat.

1545 1929 2111 1992 COMMENTARIUS.

206 2046 416 2102 dentius
438 2047 653 2102 tertium
676 2047 776 2114 ped

209 2118 408 2185 primos
468 2125 523 2172 et
551 2129 800 2186 quartum
840 2116 1100 2186 dactylos.
1146 2115 1412 2174 Cellarius
1451 2117 1662 2174 titulum
1693 2131 1788 2172 ex-

205 2187 370 2259 ponit‘
401 2187 804 2257 inscriptionem
833 2187 1089 2256 sepulcri,
1120 2189 1361 2259 plerique
1393 2189 1684 2259 basilicam,
1707 2187 1788 2256 ip-

206 2256 314 2313 iiam
338 2256 636 2314 Ostiensem
659 2259 717 2315 S.
749 2259 922 2315 Pauli.
958 2256 1180 2328 Proprie
1203 2256 1527 2315 Prudentius
1574 2258 1784 2315 titulum

209 2329 292 2384 hic
318 2339 476 2400 vocat
519 2332 846 2398 sepulcrum,
889 2340 945 2387 et
992 2331 1314 2400 peculiarius
1351 2344 1476 2384 ossa
1533 2331 1787 2397 sepulcro

207 2398 441 2465 condita,
473 2401 639 2456 utitur
673 2401 817 2458 enim
852 2398 1020 2456 verbo
1046 2401 1150 2455 sibi
1197 2399 1444 2456 familiari
1472 2401 1537 2454 ad
1583 2399 1786 2470 signiti-

208 2471 435 2525 candum
489 2485 608 2528 ossa
661 2474 715 2528 in
755 2473 843 2528 via
885 2470 1120 2529 Ostiensi
1160 2486 1279 2528 esse
1305 2471 1541 2535 condita,
1594 2481 1779 2536 servat,

208 2555 313 2610 quo
355 2541 642 2598 denotatur
663 2557 891 2613 corpora
929 2552 1234 2599 sanctorum
1254 2551 1570 2611 exspectare
1607 2556 1787 2597 resur-

205 2613 516 2686 rectionem.
542 2613 596 2668 ln
623 2613 926 2686 Hippolyto,
956 2629 1098 2670 vers.
1129 2614 1256 2686 1‘13,
1281 2613 1464 2686 Servat
1510 2613 1576 2666 ad
1611 2613 1787 2686 teterni

205 2697 336 2751 spem
357 2755 362 2756 γ
370 2683 566 2756 judicis
615 2683 1026 2752 ossasepulcro;
1057 2684 1198 2756 quod
1247 2684 1488 2756 pluribus
1511 2685 1785 2753 prosequi-

207 2759 290 2824 tur
354 2755 406 2810 in
455 2754 653 2824 bymno
714 2754 1142 2824 Exsequiarum,
1173 2770 1315 2811 vers.
1365 2754 1469 2811 125
1512 2761 1567 2810 et
1598 2769 1782 2824 seqq,

205 2819 355 2897 illunc
383 2819 604 2897 suscipe,
633 2836 788 2895 terra,
825 2819 1237 2897 fovendumﬁtc.
1256 2825 1386 2881 Vide
1415 2825 1517 2880 alia
1545 2823 1610 2880 ad
1641 2819 1780 2880 vers.

205 2892 237 2946 ἓ
256 2893 444 2982 blmn'i
470 2892 537 2952 18
567 2892 882 2982 martyrum.

271 2965 363 3038 47.
404 2966 556 3038 Egm.
589 2965 750 3032 male,
797 2969 894 3022 hac
919 2983 1016 3038 pro
1040 2968 1156 3026 has.
1191 2967 1524 3026 Describitur
1561 2967 1783 3022 basilica
1834 3011 1837 3018 .

205 3033 472 3109 pstiensis'
507 3037 566 3094 S.
609 3038 796 3104 Pauli;
850 3033 1022 3109 neque
1060 3041 1205 3096 enim
1235 3056 1377 3095 arces
1404 3048 1532 3094 sunt
1576 3039 1781 3106 templa

205 3105 344 3179 Petri
376 3118 433 3179 et
461 3109 632 3174 Pauli,
662 3109 722 3166 lit
765 3109 818 3164 in
845 3105 1023 3179 glossa
1052 3111 1270 3175 dicitur,
1296 3111 1390 3168 sed
1432 3110 1604 3164 solum
1646 3105 1781 3164 tem—

207 3177 346 3250 plum
397 3178 542 3234 Pauli
592 3197 606 3234 :
655 3177 916 3250 siquidem
961 3181 1221 3250 templum
1265 3182 1519 3238 Ostiense
1569 3180 1672 3235 soli
1717 3181 1776 3236 S.

205 3245 372 3321 Paulo
398 3245 768 3306 consecratum
791 3262 893 3316 est,
924 3245 1180 3321 templum
1209 3251 1523 3308 Vaticanum
1575 3252 1674 3306 soli
1720 3252 1776 3308 S.

204 3315 382 3375 Petro.
415 3321 662 3378 Nonnulli
696 3322 816 3388 viri,
845 3315 1080 3392 alioquin
1110 3323 1427 3386 doctissimi.
1460 3332 1514 3378 et
1539 3324 1627 3392 qui
1669 3321 1779 3378 Ro-

202 3403 299 3462 ma:
324 3391 653 3456 scribebant,
697 3391 1032 3452 afﬁrmarent
1077 3395 1331 3462 templum
1366 3391 1682 3451 Vaticanum
1723 3394 1776 3448 in

203 3457 462 3517 honorem
615 3464 982 3534 apostolorum
1011 3464 1150 3520 Petri
1194 3457 1258 3520 et
1307 3464 1459 3520 Pauli
1503 3479 1622 3520 esse
1661 3479 1779 3522 ere-

203 3539 342 3585 ctum
366 3548 399 3605 ;_
428 3532 518 3602 qui
560 3532 905 3605 inscriptione
935 3536 1069 3604 ipsa,
1092 3550 1211 3605 quas
1250 3536 1440 3591 litteris
1465 3536 1777 3590 enormibus

204 3613 327 3676 ante
376 3602 519 3658 fores
563 3607 744 3675 templi
778 3602 1018 3660 Vaticani
1060 3602 1224 3676 patet,
1261 3608 1392 3660 satis
1436 3605 1774 3662 refelluntur.

201 3670 422 3746 Sacrare
446 3692 585 3730 arces
607 3670 688 3732 de'
714 3677 1036 3746 imperatore
1061 3670 1153 3746 qui
1183 3670 1440 3746 templum
1477 3678 1778 3732 construxit

199 3752 340 3817 recte
367 3745 581 3817 dicitur,
617 3756 674 3801 ut
701 3745 840 3817 apud
871 3747 928 3802 S.
964 3745 1248 3802 Damasum
1280 3745 1348 3801 de
1384 3746 1773 3802 Constantina:

201 3812 434 3889 Sacrovit
455 3820 697 3888 templum
717 3812 935 3872 victricis
975 3818 1187 3889 virginis
1208 3820 1396 3887 Agnes.
1445 3818 1517 3871 De
1547 3834 1652 3886 quo
1683 3834 1776 3872 au-

200 3892 302 3958 tem
347 3886 674 3953 imperatore
720 3886 1158 3944 Prudentius'sit
1212 3886 1612 3958 intelligendus,
1668 3904 1774 3945 non

199 3956 451 4012 convenit
471 3958 615 4030 inter
640 3970 909 4016 auctores.
957 3959 1206 4030 Plerique
1231 3956 1642 4015 Constantinum
1671 3975 1773 4029 pu-

200 4034 309 4080 tant
335 4041 485 4092 esse;
526 4029 617 4086 alii
651 4031 1100 4088 Valentinianum.
1124 4029 1218 4085 λι
1257 4045 1324 4085 ex
1363 4031 1532 4087 veteri
1577 4031 1772 4086 inscri-

197 4098 512 4219 ptionequa
533 4103 824 4156 etiamnum
835 4109 1008 4158 exstat
1027 4102 1079 4156 in
1091 4116 1218 4157 arcu
1240 4101 1430 4172 majori
1448 4101 1775 4167 basilicm,de

244 4168 501 4219 beodosio
523 4171 573 4219 id
595 4173 972 4219 exnlimndnm
994 4183 1316 4219 esseanerte
1337 4173 1738 4219 demnnstmtnr
1758 4191 1768 4219 ς

244 4168 501 4241 beodosio
523 4171 573 4226 id
595 4173 972 4239 explicandum
994 4188 1117 4228 esse
1130 4168 1738 4241 aperte'demonstratur
1757 4191 1768 4226 :

197 4235 481 4298 Teodosius
502 4243 655 4310 cepit,
669 4235 1126 4314 'perfecitpnorius
1146 4235 1318 4297 aulam
1340 4243 1576 4298 Doctoris
1595 4245 1773 4302 mundi

196 4319 450 4385 sacratam
468 4327 678 4385 corpore
704 4315 857 4368 Pauli
885 4313 1134 4368 Placidia:
1156 4315 1242 4383 pia
1261 4330 1398 4368 mens
1431 4315 1598 4385 operis
1619 4315 1771 4385 decus

196 4377 382 4455 tiamne
395 4377 594 4455 paterni
615 4384 814 4440 Gaudet
836 4385 1092 4455 pontificis
1131 4377 1300 4439 studio
1337 4377 1605 4453 splendere
1645 4384 1777 4441 Leo-

195 4451 296 4524 nis.
347 4453 501 4506 Edita
531 4455 660 4511 olim
710 4451 1270 4523 baac'l‘uit'inscriptio
1302 4451 1545 4524 in'opere
1577 4455 1773 4510 Inscri-

194 4523 390 4588 pttones
420 4525 643 4594 antiqua!
666 4527 904 4582 basilicae
930 4527 988 4581 S.
1021 4527 1168 4581 Pauli
1193 4526 1378 4580 Romae
1405 4523 1544 4581 1654
1565 4526 1767 4592 in-l‘ol.,

193 4602 245 4666 et
270 4595 336 4666 _i_n
367 4595 548 4666 multis
587 4597 706 4652 aliis
745 4597 996 4666 operibus
1018 4600 1244 4666 repetita
1285 4606 1389 4652 est.
1437 4597 1770 4656 Theodosius

193 4613 245 4642 et
285 4613 336 4646 ιη
367 4613 548 4649 ιηιιιιιε
587 4613 706 4652 auis
745 4613 776 4652 o
817 4613 996 4654 ertnus
1018 4613 1244 4666 repetita
1285 4613 1389 4652 eat.
1437 4613 1770 4656 'tneoaosuts

193 4661 452 4746 §alluslip
491 4666 744 4746 praefecto
772 4613 932 4746 ilrbjs
961 4671 1216 4738 prtecepit
1243 4677 1303 4723 ut
1328 4682 1511 4746 curam
1535 4667 1770 4746 basilicae

194 4731 250 4807 ξ.
283 4732 436 4807 Pauli
459 4731 685 4803 apostoli
714 4731 998 4806 magniﬁce
1024 4731 1400 4796 construenda:
1429 4739 1764 4807 susciperet;

779 2060 865 2103 em
893 2059 1108 2115 semper
1133 2045 1262 2116 facit
1290 2046 1624 2116 spondaeum,
1653 2045 1790 2102 duos
1821 2046 1872 2110 Β
1973 2045 2060 2108 49.
2091 2043 2320 2113 Widm.,
2346 2045 2489 2102 Vatt.
2541 2049 2603 2113 Α,

1805 3419 1852 3490 C

2651 2046 2720 2114 Ο,
2751 2047 2904 2123 Man,
2938 2049 3120 2123 Prag.,_
3164 2048 3309 2123 llat..
3331 2067 3478 2123 _sup-

1895 2116 2184 2198 plevitpro
2216 2116 2455 2198 sublevit.
2486 2116 2705 2198 Teolius
2747 2120 2975 2188 glossam
3008 2116 3066 2172 in
3089 2120 3298 2176 duobus
3330 2116 3474 2178 Vatt.

1893 2187 2103 2259 invenit
2124 2187 2446 2259 _sttlts!ravit,
2480 2188 2633 2259 quasi
2680 2187 2933 2259 laqueare
2963 2204 3067 2244 non
3097 2198 3302 2246 tantum
3343 2206 3476 2250 auro

1894 2257 2082 2312 illitum
2115 2256 2327 2322 luisset,
2357 2258 2450 2312 sed
2476 2256 2639 2314 etiam
2673 2256 2886 2316 laminis
2907 2260 3094 2316 solidis
3121 2260 3472 2320 substratum.

1890 2327 1949 2405 l_n
1964 2329 2321 2405 _Egm.glossa
2351 2337 2435 2405 est
2463 2332 2602 2405 apud
2632 2331 2994 2405 Burmannum
3019 2333 3070 2386 in
3089 2331 3473 2405 Ant_hol.,pag.

1891 2397 2364 2464 317,’Bracteolas,
2397 2399 2616 2456 laminas
2644 2404 2966 2456 tenuissimas
2996 2405 3133 2456 auri.
3184 2401 3290 2458 Pro
3317 2397 3476 2460 auru-

1893 2469 2036 2524 lenta
2053 2470 2222 2524 Aldus
2234 2485 2357 2524 cum
2377 2469 2508 2526 Urb.
2532 2472 2717 2526 scribit
2733 2473 3166 2528 aurolenta.Dicit
3181 2473 3475 2539 aurulenta,

1889 2551 1949 2594 ut
1978 2540 2106 2595 alibi
2143 2541 2404 2596 rorulenta
2437 2549 2492 2596 et
2521 2541 2804 2598 rosulenta.
2833 2543 2938 2598 Pro
2967 2543 3272 2598 aurulentus
3299 2545 3474 2602 solum

1893 2610 2241 2682 Prudentium
2265 2613 2460 2682 allegat
2475 2611 2829 2671 Forcellinus.
2857 2614 2930 2668 De
2953 2614 3054 2670 hac
3081 2616 3472 2671 consuetudine

1895 2681 2180 2755 inaurandi
2204 2681 2387 2755 trabes
2407 2691 2673 2755 tectorum
2714 2685 2924 2755 Lipsius
2953 2685 3021 2742 de
3052 2685 3272 2755 Magnit.
3309 2686 3468 2742 Rom.

1887 2751 1982 2807 lib.
2011 2768 2090 2818 ut,
2114 2754 2356 2826 cap.M.
2387 2754 2654 2810 Arnobius
2684 2751 2860 2811 libfvr
2886 2775 2897 2810 :
2930 2756 3047 2812 Sint
3069 2751 3191 2826 erg'o
3213 2757 3320 2810 hwc
3356 2757 3471 2812 licet

1886 2833 1973 2876 aut
2014 2840 2076 2878 ea:
2115 2825 2336 2878 molibus
2383 2827 2679 2880 marmoreis
2715 2836 2928 2893 structa,
2959 2825 3321 2889 Lacussntsus
3367 2836 3471 2882 sU'r

1886 2908 2183 2950 BENIDEAN'I'
2208 2901 2424 2968 aulicis;
2455 2896 2759 2968 splendeant
2801 2898 2882 2952 hic
2925 2913 3136 2968 gemmae
3173 2907 3221 2950 et
3249 2897 3472 2968 sidereos

1889 2976 2124 3019 evomant
2157 2967 2357 3044 variata
2384 2967 2697 3046 intersitione
2725 2967 2860 3039 (alit.
2907 2967 3334 3039 interstinctione)
3361 2971 3468 3046 {ul-

1883 3051 2030 3106 gores
2052 3052 2071 3090 :
2094 3045 2229 3090 terra
2249 3038 2358 3091 inec
2380 3047 2497 3092 sunt
2519 3038 2710 3092 omnia.

1955 3105 2042 3160 50.
2070 3108 2355 3188 Brotverus
2378 3107 2442 3160 ad
2453 3107 2881 3232 ,Ροιιιιηπῑηβεῇ
2905 3107 2974 3162 60
2995 3107 3067 3162 ait
3089 3105 3467 3192 Foitunatum,

1959 3178 2026 3231 od
2053 3193 2082 3231 a
2113 3177 2280 3231 radus
2304 3179 2572 3232 solanbus
2594 3180 2805 3232 mlusrs.
2867 3193 3083 3232 onoaue
3105 3179 3304 3232 lumine
3334 3190 3467 3232 tem-

1882 3178 2026 3244 quod
2053 3193 2082 3231 a
2113 3177 2280 3231 radiis
2304 3179 2572 3248 solaribus
2594 3179 2805 3242 inlusis,
2833 3177 3083 3248 bonoque
3105 3179 3304 3235 lumine
3334 3190 3468 3238 tem-

1882 3249 1966 3316 pla
1995 3263 2140 3317 stepe
2168 3247 2462 3318 collaudat,
2507 3248 2713 3306 Sidonii
2743 3245 3008 3317 exetnplo'
3033 3245 3082 3303 id
3117 3249 3330 3306 iecisse.
3359 3251 3465 3308 Sed

1881 3327 2110 3388 uterque
2150 3319 2498 3388 Prudentium
2531 3328 2804 3376 auctorem
2842 3319 3022 3376 habet.
3059 3319 3334 3387 Sidonius,
3370 3322 3465 3379 lib.

1883 3404 1942 3454 ιι,
1970 3387 2126 3462 epist.
2157 3391 2220 3446 10
2245 3407 2262 3448 :
2286 3387 2442 3447 Intus
2467 3391 2559 3446 tua:
2580 3391 2750 3462 micat,
2776 3400 2928 3462 atque
2955 3393 3267 3446 bracteatum
3295 3393 3372 3447 sol
3394 3393 3466 3446 sic

1882 3461 2192 3516 sollicitatur
2229 3462 2298 3514 ad
2321 3464 2554 3525 lacunar,
2587 3459 2753 3515 Fulvo
2779 3459 3094 3516 ut'concolor
3121 3471 3254 3516 erret
3278 3464 3332 3518 in
3363 3479 3467 3518 me-

1881 3534 2032 3586 tallo.
2061 3530 2411 3596 Fortunatus,
2453 3534 2546 3589 lib.
2581 3547 2657 3596 ut,
2689 3547 2858 3588 carm.
2884 3533 2948 3586 τε
2987 3530 3094 3600 Ire,
3122 3533 3288 3588 redite
3307 3536 3466 3600 vides,

1881 3605 2030 3657 radio
2045 3604 2323 3671 crispante,
2346 3604 2560 3674 ﬁguras,
2598 3605 2760 3672 Atque
2782 3603 2996 3664 lacunar
3032 3605 3160 3673 agit,
3182 3605 3319 3673 quod
3344 3621 3460 3660 mae

1881 3673 1950 3727 ris
1974 3673 2112 3728 unda
2131 3675 2274 3727 solet.

1881 3673 1950 3727 ris
1974 3673 2112 3727 unda
2131 3675 2274 3727 solet.

1951 3745 2040 3816 51.
2066 3742 2258 3816 Adhuc
2295 3754 2498 3816 eXStat_
2533 3746 2586 3798 in
2633 3746 2850 3802 basilica
2884 3746 2941 3801 S.
2989 3744 3138 3800 Pauli
3173 3749 3466 3816 quaternus

1879 3815 2015 3887 ordo
2037 3815 2428 3870 columnarum.
2456 3814 2718 3887 Nouesse
2744 3819 2936 3887 parias,
2963 3825 3019 3887 ut
3040 3830 3132 3887 eas
3150 3814 3305 3872 vocat
3335 3814 3467 3886 Pru-

1879 3884 2117 3962 dentius,
2141 3893 2289 3940 recte
2316 3886 2614 3962 notavitcl.
2639 3882 2754 3962 Fea'
2777 3887 2842 3962 ad
2875 3885 3030 3962 Vink.
3064 3882 3378 3962 lib._t_,_cap.
3404 3882 3461 3955 Ξ,

1878 3959 1967 4028 qui
2000 3957 2252 4028 opinatur
2274 3971 2365 4010 eas
2396 3962 2446 4011 in
2473 3957 2592 4012 aliis
2621 3958 3014 4027 antiquioribus
3041 3957 3281 4014 aediliciis
3317 3962 3466 4028 prius

1879 4025 2048 4102 [uisse
2070 4027 2382 4102 collocatas,
2408 4044 2514 4082 non
2532 4044 2660 4086 vero
2689 4030 2739 4082 in
2757 4025 2912 4102 ‘mole
2942 4028 3227 4102 Hadriani,
3253 4025 3467 4102 titvttlgi

1879 4095 1984 4152 fert
2027 4099 2230 4171 opinio.
2288 4099 2542 4154 Dicuntur
2573 4115 2702 4156 vero
2733 4099 2910 4171 paria:
2953 4114 2984 4154 a
3025 4099 3321 4157 Prudentio
3371 4095 3466 4171 pér

1877 4169 2286 4241 metonymiam,
2319 4185 2421 4239 qua
2470 4185 2570 4224 una
2599 4170 2805 4237 species
2836 4185 2934 4239 pro
2964 4171 3068 4226 alia
3110 4171 3345 4240 ponitur,
3377 4169 3463 4226 vel

1876 4241 2002 4310 quia
2029 4241 2238 4312 parium
2267 4243 2318 4294 in
2347 4243 2514 4298 sacris
2548 4241 3030 4312 Litterisisumitur
3059 4256 3156 4311 pro
3196 4257 3464 4298 marmore

1876 4310 2131 4381 pretiOso.
2169 4310 2399 4384 Paralip.
2427 4313 2465 4378 ι,
2501 4310 2718 4384 κυκλεῖ,
2749 4311 2816 4366 Et
2840 4310 3285 4384 marntor’parium
3305 4316 3466 4372 abun-

1876 4384 2196 4508 gantissime,
2242 4381 2326 4437 ubi
2384 4393 2560 4438 textus
2611 4383 2908 4440 liebraicus
2951 4381 3112 4439 habet
3156 4383 3355 4456 lapides
3402 4383 3466 4442 de

1921 4471 2018 4507 tus.

1921 4471 2018 4507 (118.

1949 4526 2039 4581 53.
2075 4528 2223 4592 Ald.,
2257 4527 2391 4582 Mar.
2422 4543 2452 4581 a

1877 4612 2070 4664 myras.
2101 4598 2233 4652 Mar.
2256 4612 2285 4652 a
2307 4596 2539 4652 secunda
2563 4613 2744 4662 manu,
2776 4596 3036 4659 Hallsbr.,
3057 4613 3306 4652 cameras.
3337 4596 3460 4654 Vat.

1876 4670 1941 4728 Α,
1975 4664 2123 4736 Rat,
2169 4668 2352 4737 Prag.,
2401 4667 2734 4731 Parrhasius,
2770 4669 3007 4720 camiros.
3041 4667 3160 4723 Vat.
3201 4669 3268 4735 Q,
3301 4666 3460 4732 Urb.,

1877 4737 2160 4804 mendose,
2178 4755 2374 4793 carros.
2398 4739 2618 4807 Weitz.,
2643 4739 2784 4804 Gis.,
2813 4739 3024 4802 Heins.,
3056 4737 3174 4792 Vat.
3209 4737 3249 4792 P
3269 4746 3324 4793 et
3347 4739 3459 4806 alii,

2485 4527 2654 4597 prima
2683 4525 3079 4597 manu,Alex.,
3116 4525 3342 4592 Widm.,
3365 4543 3464 4597 ca-

192 4801 458 4882 liargnius
495 4801 560 4862 ad
587 4825 732 4882 ‘ann.
768 4801 873 4865 536
911 4809 1131 4882 litteras,
1167 4810 1545 4878 Valentiniani,
1578 4801 1765 4865 'Theoé
1793 4805 1849 4874 D
1872 4824 2126 4865 carituros.
2152 4801 2450 4882 Prolayalo,
2468 4801 2623 4882 Prag'.
2653 4801 2818 4872 hiatu;
2844 4825 2941 4878 pro
2964 4801 3120 4874 varie,
3144 4808 3265 4882 Ald.
3285 4801 3461 4875 varia}

191 4874 326 4956 {Ipsi}
350 4885 404 4932 et
430 4877 649 4956 Arcadii
676 4881 893 4956 nomine
921 4881 1338 4956 adUSallustium
1372 4874 1616 4936 datas'es
1645 4882 1766 4937 cod.

195 4945 785 5022 Vaticann__descripsit,
825 4966 892 5007 ex
913 4952 1106 5022 quibus
1135 4961 1468 5022 compertum
1511 4960 1595 5006 est
1625 4962 1772 5009 vete-

191 5030 303 5069 rem
352 5017 627 5075 basilicam
661 5017 701 5075 'a
727 5017 1077 5078 Constantino
1121 5017 1354 5078 erectam
1386 5023 1636 5078 debuisse
1679 5025 1770 5078 de-

189 5087 348 5162 strui,
381 5103 682 5162 novamque
705 5094 1020 5162 ampliorem
1043 5095 1303 5148 construi.

260 5158 365 5240 4‘8...
378 5159 423 5240 ,γ
432 5169 507 5240 at.
532 5165 570 5215 A
581 5158 611 5228 ,_
623 5158 902 5240 mendose,
913 5165 1091 5240 elusit.
1114 5163 1183 5218 Fa
1192 5165 1272 5220 br.
1283 5209 1297 5232 ,
1312 5164 1426 5220 Gis.
1437 5207 1450 5230 ,
1462 5166 1764 5240 clausitque.

188 5227 295 5305 Sed
326 5227 598 5305 Giselinus
627 5235 681 5288 in
725 5245 852 5290 uota
879 5227 953 5289 ait
994 5236 1235 5305 lusitque,
1265 5227 1319 5290 et
1354 5227 1606 5305 explicat,
1633 5227 1768 5292 adeo

188 5300 488 5376 liberaliter
509 5307 701 5376 erexit,
731 5315 787 5360 ut
811 5306 1115 5375 sumptibus
1129 5300 1444 5376 pepercisse
1466 5322 1571 5363 non
1594 5300 1769 5363 videa-

135 5407 141 5455 ᾖ
187 5377 294 5455 tur.
322 5370 390 5455 Et
413 5371 468 5455 i_n
496 5373 665 5455 prima
689 5370 906 5455 quidem
936 5370 1172 5455 editione
1201 5370 1471 5455 Ciselinus
1491 5379 1769 5455 amplexus

187 5441 370 5516 fuerat
418 5441 671 5516 lusitque;
710 5441 809 5506 sed
849 5447 966 5516 ejus
993 5447 1282 5516 explicatio
1324 5448 1502 5516 inepta
1526 5441 1626 5504 es't.
1654 5450 1764 5503 Lu-

185 5512 307 5564 dere
341 5527 438 5591 pro
464 5515 672 5591 pingere
699 5531 728 5570 a
753 5512 1052 5591 Prudentia
1067 5512 1270 5591 dicitur
1292 5512 1455 5591 lib.rit
1482 5521 1535 5580 in
1559 5522 1764 5591 Symm.

184 5593 332 5661 vers.
366 5584 460 5647 44,
487 5585 656 5661 fluctu
683 5589 926 5642 coloratis
951 5589 1160 5646 auderet
1183 5589 1356 5643 ludere
1384 5590 1536 5660 fucis.
1568 5584 1623 5647 In
1647 5591 1768 5661 Hipo

185 5654 298 5719 pol.
329 5668 452 5708 vers
479 5656 601 5720 150,
625 5657 840 5714 Luserat
863 5676 891 5714 e
928 5661 1085 5714 minio
1107 5654 1392 5714 russeolam
1415 5665 1626 5716 saniem.
1660 5654 1769 5718 Μὲ-

184 5724 292 5802 li_us
341 5724 590 5802 fortasse
616 5728 766 5802 leges
814 5730 966 5788 clusit
1011 5747 1108 5801 pro
1147 5732 1375 5786 clausit:
1409 5745 1518 5801 quo
1563 5741 1771 5802 spectat

184 5795 375 5874 glossa
412 5795 478 5852 ad
508 5795 743 5874 sublevit,
768 5817 900 5874 quae
925 5795 1249 5874 transposita
1287 5795 1520 5871 videtur,
1547 5795 1608 5860 et
1633 5803 1772 5863 favet

194 5869 313 5926 Vat.
348 5869 416 5941 Α,
440 5876 489 5925 el
520 5869 574 5926 in
599 5869 810 5929 ceteris
837 5874 982 5932 lusit.

1879 4894 1975 4949 pro
1993 4881 2238 4945 cucurrit,
2254 4881 2410 4946 Man,
2437 4880 2918 4950 Rat.,percucurrit
2935 4897 2953 4933 :
2969 4895 3088 4949 qua:
3109 4880 3287 4933 omnia
3315 4894 3462 4934 men-

1877 4955 2008 5006 dose
2035 4963 2160 5005 sunt
2187 4954 2403 5021 scripta.
2450 4949 2716 5008 CauChius
2741 4966 2838 5021 pro
2861 4952 3080 5004 cucurrit
3123 4949 3356 5021 malebat
3383 4966 3463 5004 re-

1876 5031 2085 5085 curvat;
2107 5023 2201 5078 sed
2223 5020 2446 5078 cucurrit
2465 5039 2650 5079 verum
2675 5020 2775 5078 est.
2797 5022 3089 5076 Salmasius
3101 5030 3156 5075 et
3175 5020 3464 5090 aliquando

1875 5092 2130 5149 Heinsius
2174 5097 2432 5162 putabant
2463 5110 2702 5148 camurus
2741 5093 2964 5146 cucurrit
2995 5107 3164 5162 arcus,
3198 5101 3256 5145 ut
3303 5105 3464 5146 arcus

1877 5164 1991 5232 ipse
2019 5160 2345 5231 cucurrerit,
2398 5174 2558 5236 atque
2607 5165 2677 5218 ita
2727 5163 2967 5236 ediderat
3017 5160 3463 5236 Fabricius.__Sed

1875 5236 2126 5302 princeps
2157 5236 2327 5289 bonus
2353 5247 2434 5291 est
2457 5232 2545 5306 qui
2571 5234 2806 5306 cucurrit
2829 5246 3080 5306 camuros
3102 5247 3282 5300 arcus,
3309 5232 3362 5287 id
3380 5242 3464 5288 est

1877 5300 2216 5361 continenter
2251 5300 2487 5360 ornavit'
2516 5307 2673 5374 hyalo
2713 5303 2926 5372 insigni.
2975 5300 3191 5360 Currere
3216 5319 3313 5374 pro
3341 5317 3464 5374 per-

1878 5391 2096 5432 currere
2135 5391 2256 5430 cum
2300 5375 2588 5432 accusandi
2613 5389 2738 5430 casu
2770 5383 2945 5429 exstat
2989 5375 3130 5443 apud
3163 5376 3221 5431 S.
3265 5375 3462 5430 Dama-

1879 5461 1998 5502 sum
2026 5445 2094 5500 de
2114 5445 2170 5500 S.
2204 5447 2432 5515 Agatha.
2469 5450 2695 5503 Veteres
2733 5444 2913 5500 verbis
2957 5446 3292 5514 simplicibus
3318 5461 3463 5513 saepe

1879 5533 1979 5585 pro
2009 5519 2323 5585 compositis
2369 5518 2682 5582 utebantur,
2734 5524 2794 5571 ut
2832 5525 3022 5572 vertere
3067 5532 3167 5584 pro
3194 5525 3459 5572 evertere.

1873 5590 2134 5648 Camuros
2161 5602 2280 5644 esse
2295 5602 2490 5643 curvos
2507 5590 2700 5658 glossm
2721 5587 2932 5652 docent,
2948 5596 3005 5658 et
3027 5589 3312 5643 conﬁrmat
3336 5586 3462 5658 Ser:

1875 5663 1994 5714 vius
2048 5659 2114 5713 ad
2154 5674 2296 5713 vers.
2349 5659 2418 5714 55
2447 5655 2541 5715 Ιὶιῐ.
2575 5675 2630 5713 ιιι
2659 5658 2857 5726 Georg.
2887 5675 2900 5710 :
2931 5655 3167 5712 Camuris
3199 5660 3347 5712 hirta:
3371 5657 3462 5710 sub

1876 5728 2114 5785 cornibus
2139 5747 2309 5795 aures,
2342 5731 2396 5784 id
2417 5742 2492 5786 est
2513 5732 2700 5800 curvis,
2729 5731 2862 5785 unde
2885 5739 2931 5783 et
2953 5746 3168 5784 camera:
3198 5728 3462 5800 appellan-

1878 5811 1983 5856 tur.
2027 5801 2164 5874 Quid
2213 5812 2390 5858 autem
2425 5804 2692 5874 signiticet
2737 5801 2878 5873 quod
2928 5803 3242 5874 imperator
3269 5811 3462 5874 curvos

1880 5886 2038 5930 arcus
2066 5872 2224 5944 hyalo
2253 5874 2444 5945 insigni
2469 5869 2616 5934 Varie
2638 5869 2986 5946 percurrerit,
3013 5869 3122 5926 non
3145 5871 3274 5932 satis
3288 5869 3461 5932 adhuc

2177 1671 2361 1744 pinxit.
2403 1700 2472 1711 —
2501 1672 2696 1744 Arcus,
2726 1673 2970 1744 fornices,
3013 1673 3056 1727 Ι.
3088 1703 3158 1716 -ρ-
3188 1673 3380 1744 Hyalo,
3411 1674 3485 1728 tti-
3561 1706 3568 1707 ί
