4016 6280
562 383 662 440 567
1689 388 1964 449 AUBELII
2003 391 2373 453 PRUDENTH
2410 395 2734 455 CARMINA.

811 522 1022 593 1200
1047 521 1134 578 Sic
1155 532 1303 593 prata
1329 524 1509 580 vernis
1531 524 1752 581 floribus
1782 527 2046 583 renident.
2137 533 2142 540 '
2170 516 2224 575 Α
2289 507 2357 565 60

632 612 698 672 55
775 615 916 672 Ecce
935 617 1068 672 duas
1091 618 1212 674 ﬁdei
1231 633 1443 675 summo
1463 619 1622 676 Patre
1635 621 1948 678 conferente
1965 622 2142 692 dotes,

813 708 940 764 Urbi
970 710 1225 766 colendas
1250 726 1384 782 quas
1411 711 1558 768 dedit
1588 723 1804 783 togatae.

734 802 950 873 Aspice,
980 817 1076 874 per
1103 803 1296 862 bifidas
1327 805 1478 877 plebs
1510 805 1735 866 Romula
1761 808 2002 866 funditur
2029 809 2148 880 pla-

1943 911 2052 958 teas

1943 911 2052 958 leas

847 988 960 1044 Lux
995 991 1047 1046 in
1074 990 1286 1048 duobus
1318 995 1490 1051 fervet
1515 1010 1618 1050 una
1646 995 1820 1052 festis.
1919 902 1937 975 [
2059 941 2074 967 ’

738 1079 846 1138 Nos
883 1081 950 1139 ad
1006 1092 1294 1158 utrumque
1338 1096 1516 1145 tamen
1563 1103 1752 1161 gressu
1797 1103 2147 1162 prOperemus

1809 1182 2072 1255 [int-italo,

1861 1275 2152 1334 GLOSSIE
2193 1274 2528 1333 VETERES.

533 1431 536 1434 Α
629 1365 718 1438 51.
749 1366 860 1435 Sic,
893 1369 950 1422 si:
971 1369 1064 1422 uti.
1093 1398 1159 1408 —
1190 1369 1407 1435 Vernis,
1435 1371 1742 1426 vernalibus.
1762 1400 1831 1410 —
1855 1368 2147 1438 Renident,
2328 1369 2417 1425 59.
2447 1368 2692 1432 Incitato,
2721 1367 2897 1434 ueloci,
2929 1366 2968 1422 1.

557 1437 844 1512 Splendeat,
876 1440 952 1512 pel
977 1440 1267 1511 refragrant
1299 1439 1460 1511 (forte
1487 1442 1814 1512 reﬂagranl),
1840 1442 1880 1497 l.
2328 1441 2418 1496 61.
2444 1440 2632 1512 Pontis
2647 1439 2928 1512 liadriani,
2954 1437 3260 1512 Hadrianus
3282 1439 3382 1512 fuit
3402 1455 3494 1512 res
3525 1443 3612 1512 qui
3642 1452 3825 1512 ponte-

539 1537 543 1542 ι
585 1579 591 1580 ί
630 1509 720 1563 55.
752 1509 1097 1576 Couferente,
1119 1509 1408 1566 'tribuente.
1461 1509 1550 1553 -’
1585 1509 2090 1579 Ποιθε,ὀνηαηιεηιιι
2124 1529 2144 1578 ;
2253 1511 2524 1580 tediﬁcavit
2552 1511 2605 1565 in
2637 1509 2805 1565 Roma
2833 1511 2902 1563 ad
2930 1511 3194 1565 ecclesiam
3213 1509 3390 1578 Pauli,
3423 1511 3463 1566 ι.

554 1579 652 1652 dos
675 1588 835 1650 potest
870 1583 972 1636 dici
994 1581 1245 1652 quidquid
1284 1583 1560 1652 honorifice
1600 1584 1775 1651 datur,
1817 1584 1858 1638 1.
1903 1584 2138 1652 Obsides,
2322 1579 2414 1638 6⁷2.
2445 1583 2680 1650 Laavam,
2711 1581 2877 1646 Petri,
2907 1581 2948 1636 Ι.

557 1647 697 1727 Mar.
754 1723 796 1727 _
1005 1647 1013 1652 ’
1131 1647 1141 1652 ⁷
1336 1725 1342 1727 _
1389 1725 1395 1727 _
1467 1647 1476 1652 ’
1761 1647 1771 1651 ’
2123 1647 2136 1652 ⁷
2324 1653 2413 1710 6'5.
2439 1647 2815 1727 Solvitsacra,
2857 1652 2926 1708 ad
2961 1652 3226 1708 ecclesiam
3265 1651 3426 1709 Petri.
3461 1683 3530 1694 —
3555 1654 3822 1727 Sacerdos,

628 1723 718 1796 Si}.
752 1723 989 1796 :l‘ogatre,
1017 1734 1230 1791 ornatas,
1257 1725 1437 1793 nobili,
1471 1727 1777 1796 paciﬁcatw,
1812 1727 1850 1782 Ι.
2246 1725 2578 1796 apostolicus,
2604 1723 2645 1780 1.

626 1793 714 1850 58.
750 1793 886 1862 Lux,
911 1795 1111 1865 ltetitia,
1137 1797 1323 1870 gloria.
1351 1827 1419 1837 —
1449 1793 1919 1867 Una,'communis,
1950 1800 1991 1853 Ι.

1910 1931 2470 1990 COMMENTARIUS.

553 2019 878 2099 explicatum
902 2028 1004 2099 est.
1037 2021 1308 2099 Giselinus
1332 2025 1444 2099 ait:
1484 2021 1640 2099 Nunc
1667 2024 1864 2099 pitrcas
1895 2026 2142 2099 fenestras
2170 2025 2219 2086 B
2254 2024 2320 2079 10
2349 2022 2581 2099 explicat
2639 2022 3084 2099 musivum_opus
3127 2036 3193 2078 ex
3219 2022 3363 2079 vitro
3389 2026 3645 2099 colorata,
3686 2032 3818 2099 quod

542 2092 807 2165 intelligit,
832 2110 947 2163 qua?
976 2093 1239 2162 {ornicatis
1264 2096 1480 2148 arcubus
1501 2094 1696 2148 includi
1724 2092 1930 2149 solent?
1949 2111 2016 2147 an
2039 2110 2130 2162 po-
2247 2095 2540 2165 parietibus
2554 2092 2904 2148 ecclesiarum
2920 2093 3077 2165 Urbis
3093 2095 3618 2152 accommodabatur.

551 2161 654 2236 tius
677 2161 824 2217 arcus
844 2161 985 2218 ‘illos
1011 2180 1245 2236 camuros
1274 2165 1522 2219 columnis
1559 2165 1718 2234 pariis
1749 2165 1949 2220 innixos
1975 2161 2132 2236 vitreo
2249 2161 2263 2165 ’
2307 2166 2399 2220 54.
2419 2166 2598 2236 Prag.,
2641 2165 2888 2228 renitent;
2919 2163 3126 2236 corrige
3155 2167 3407 2220 renident.
3444 2167 3698 2236 Horatius,
3728 2172 3815 2229 lib.

3741 401 3846 460 568

2504 508 2568 563 Et
2600 509 2684 567 his
2711 517 2766 565 et
2798 507 2908 563 illis
2936 509 3274 578 perfruamur
3305 512 3538 584 hymnis.

2443 600 2649 673 1201
2679 599 2884 672 ibimus
2904 600 3148 670 ulterius,
3167 617 3270 673 qua
3299 603 3400 660 fert
3428 605 3508 661 via
3538 605 3716 674 pontis
3741 607 3838 664 Ha—

3543 695 3562 769 [
3579 697 3772 764 driani,

2507 787 2716 844 Lrevam
2745 787 2936 845 deinde
2966 786 3199 846 ﬂuminis
3228 797 3486 859 petemus.

2441 879 2850 937 Transtiberina
2899 880 3048 951 prius
3097 879 3260 937 solvit
3303 895 3455 938 sacra
3501 884 3721 955 pervigil
3760 901 3832 943 sa-

3532 978 3550 1051 [
3562 979 3770 1036 cerdos.

2505 1067 2630 1124 Mox
2653 1065 2760 1125 huc
2781 1067 3030 1134 recurrit,
3052 1065 3394 1140 duplicatque
3417 1077 3559 1128 vota.

549 2233 743 2306 colore,
767 2251 856 2288 seu
897 2235 1090 2290 lumine
1115 2236 1273 2306 fuisse
1304 2233 1569 2306 perfusos?
1590 2236 1920 2291 Sententiam
1954 2237 2020 2290 de
2049 2235 2132 2289 vi-

551 2304 684 2360 treis
713 2304 981 2368 fenestris,
1002 2304 1124 2374 quae
1142 2304 1415 2361 fornicatis
1443 2306 1672 2361 arcubus
1698 2307 1896 2362 includi
1928 2307 2127 2374 solent,

554 2377 836 2443 amplexus
857 2385 940 2431 est
982 2377 1083 2432 Fea
1128 2377 1180 2431 in
1231 2379 1371 2432 notis
1413 2377 1478 2432 ad
1525 2376 2002 2433 Winkelmannum
2036 2378 2130 2432 lib.

548 2460 646 2517 an,
673 2460 796 2517 cap.
830 2449 886 2513 5,
932 2457 986 2502 et
1030 2462 1213 2502 rursus
1251 2458 1380 2503 tom.
1435 2448 1523 2514 Ill,
1557 2463 1676 2517 pag.
1709 2449 1838 2514 208,
1877 2451 2007 2516 209,
2039 2447 2131 2517 qui

549 2515 800 2585 Janningi
831 2519 1244 2580 exulicationctn
1275 2521 1341 2574 ab
1371 2533 1476 2574 em.
1507 2515 1655 2574 card'.
1681 2519 1870 2589 Borgia
1911 2515 2135 2589 adOptag

549 2595 668 2661 tam
689 2590 896 2661 rejicit.
914 2589 1211 2661 Janningus
1231 2591 1305 2644 ait
1335 2590 1387 2643 in
1421 2591 1562 2645 uotis
1590 2605 1720 2645 mss.
1745 2587 2028 2645 veteribus
2047 2587 2133 2645 sui

551 2657 754 2714 codicis
783 2659 903 2716 esse
933 2657 1166 2728 glossam
1200 2661 1373 2730 pinxit
1420 2676 1515 2730 pro
1539 2662 1784 2728 cucurrit,
1817 2670 1871 2715 et
1899 2663 1966 2714 ita
2009 2675 2133 2715 ver-

551 2742 673 2781 sum
691 2731 909 2801 exponit
934 2749 944 2783 :
978 2731 1222 2801 Princeps
1249 2731 1408 2785 bonus
1430 2730 1810 2793 Constantinus,
1828 2733 1913 2799 qui
1937 2732 2132 2785 utrius-

550 2816 650 2871 que
687 2800 909 2857 basilica:
951 2800 1196 2856 ambitum
1231 2805 1426 2872 magnis
1467 2803 1608 2865 lusit,
1639 2801 1821 2868 illusit,
1850 2819 1938 2856 seu
1970 2803 2135 2864 pinxit

553 2873 761 2926 talentis
897 2874 966 2926 ita
1007 2875 1161 2927 etiam
1202 2889 1353 2926 arcus
1379 2889 1638 2934 camuros,
1662 2874 1716 2927 id
1738 2882 1809 2927 est
1847 2889 2025 2927 curvos
2045 2882 2134 2926 aut

550 2955 808 3008 curuatas,
836 2943 1235 3009 variecucurrit,
1267 2946 1536 3011 percurrit,
1560 2945 1816 3009 distinxit,
1840 2953 1928 2996 aut
1963 2944 2132 3013 pinxit

555 3013 730 3083 hyalo,
757 3031 841 3068 seu
881 3017 1007 3068 vitro
1035 3016 1242 3084 insigni.
1291 3015 1578 3070 Peveralus
1604 3015 1777 3069 solum
1805 3015 2047 3079 adnotat,
2080 3016 2132 3068 in

551 3097 678 3137 areu
710 3087 1014 3152 triumphali
1041 3086 1280 3154 exsculpi
1303 3087 1487 3140 solitas
1517 3086 1694 3140 varias
1727 3101 1909 3139 rerum
1944 3085 2134 3155 imagi-

550 3169 651 3208 nes
686 3156 739 3208 iu
764 3157 1018 3223 triumphi
1043 3170 1312 3226 pompam,
1332 3156 1652 3211 ferculorum
1685 3157 1950 3226 ordinem.
1974 3168 2136 3211 caete-

551 3240 719 3298 raquc
752 3227 799 3279 id
823 3243 990 3296 genus
1022 3225 1074 3280 in
1108 3225 1374 3283 marmore
1399 3228 1626 3298 exprimi
1654 3227 1814 3298 hyalo
1860 3225 2133 3298 distincta.

558 3295 696 3350 Vera
725 3295 1008 3367 expliuntio
1043 3298 1367 3353 desumenda
1396 3307 1478 3352 est
1507 3313 1572 3353 ex
1601 3295 1832 3366 his-quae
1862 3297 2036 3351 adhuc
2079 3298 2133 3350 in

556 3369 876 3436 quibusdam
905 3369 1410 3437 veteribustemplis
1425 3367 1691 3432 videmus,
1717 3368 1805 3421 ubi
1828 3382 2056 3424 cameras
2079 3376 2135 3423 et

554 3452 710 3494 arcus
740 3441 947 3494 musivo
972 3454 1134 3508 opere
1161 3441 1334 3494 ornati
1363 3449 1640 3509 apparent.
1670 3439 1744 3492 De
1775 3439 1979 3503 pictura
2012 3455 2133 3492 mu-

554 3511 663 3564 εἰν·
701 3512 898 3566 Plinius
927 3510 1020 3564 lib.
1053 3527 1231 3574 xxxvr,
1255 3525 1373 3578 cap.
1412 3510 1517 3564 25:
1552 3509 1717 3563 Pulsa
1739 3510 1925 3563 deinde
1949 3527 2010 3564 ex
2037 3511 2136 3564 hu-

555 3597 638 3652 mo
667 3584 948 3652 pavimenta
977 3583 1028 3636 in
1051 3598 1279 3636 cameras
1301 3582 1549 3636 transiere
1569 3599 1597 3635 c
1616 3583 1744 3635 uitro
1767 3596 1786 3634 :
1820 3582 2066 3652 nouitium
2090 3589 2137 3634 et

555 3651 953 3726 hocinuentum.
981 3655 1210 3726 Agrippa
1241 3662 1376 3709 certe
1395 3653 1448 3726 in
1471 3653 1680 3726 thermis
1701 3667 1829 3726 quas
1859 3651 2035 3726 Romae
2058 3654 2136 3726 fe-

554 3724 643 3789 cit,
685 3725 922 3795 ﬁglinum
962 3722 1368 3794 opus'encausto
1391 3724 1587 3791 pinxit;
1619 3725 1671 3777 in
1709 3722 1916 3792 reliquis
1938 3723 2138 3776 albaria

555 3797 820 3850 adornavit
845 3811 860 3848 :
886 3813 986 3849 non
1006 3798 1160 3850 dubie
1180 3798 1362 3850 vitreas
1391 3799 1620 3864 facturus
1646 3809 1898 3862 cameras,
1928 3795 1973 3848 si
1996 3795 2140 3863 prius

549 3865 811 3937 inventuiri
844 3867 896 3920 id
920 3868 1118 3937 fuisset,
1146 3875 1236 3920 aut
1264 3885 1296 3920 a
1316 3867 1589 3935 parietibus
1611 3880 1797 3932 scema,
1820 3874 1875 3918 ut
1889 3866 2136 3937 dicimus,

555 3935 751 3990 Scauri
779 3934 1081 4006 pervenisset
1115 3939 1166 3990 in
1192 3934 1439 4008 cameras.
1467 3937 1694 4008 Seneca,
1726 3935 2011 4008 epistnSG,
2048 3934 2140 3990 Vi-

560 4016 639 4059 tro
662 4007 995 4074 absconditur
1025 4006 1247 4060 camera.
1275 4008 1501 4074 Statius,
1552 4006 1646 4062 lib.
1681 4021 1716 4070 I,
1750 4006 1870 4074 silv.
1901 4007 1954 4069 5,
1979 4021 2136 4068 (vers.

556 4075 648 4137 42,
697 4073 955 4145 E/fulgent
982 4093 1213 4142 camerm,
1241 4079 1380 4130 vario
1402 4077 1608 4146 fastigia
1641 4073 1891 4146 vitro.rln
1925 4077 2137 4146 species,

559 4147 862 4214 animosque
891 4147 1067 4200 nitent.
1099 4145 1475 4217 Symmachus,
1510 4146 1708 4201 Iib.vut
1732 4145 1891 4216 epist.
1915 4145 2005 4209 41.
2030 4145 2142 4200 No-

562 4229 681 4269 uum
709 4219 898 4286 quippe
924 4219 1103 4270 musici
1141 4233 1328 4287 genus,
1377 4227 1425 4271 et
1461 4219 1768 4271 intentatum
1797 4217 2143 4282 superioribus

556 4289 811 4358 reperisti;
829 4288 964 4354 quod
991 4291 1142 4342 etiam
1167 4298 1340 4342 nostra
1365 4289 1623 4342 rusticitas
1649 4289 1895 4342 ornandis
1931 4290 2143 4344 cameris

556 4360 768 4414 tentabit
785 4361 1004 4429 aﬂigere,
1033 4363 1076 4414 si
1090 4359 1168 4414 vel
1191 4362 1243 4413 in
1259 4359 1465 4424 tabulis,
1481 4360 1558 4414 vel
1577 4361 1630 4413 in
1653 4359 1833 4431 tegulis
1854 4359 2144 4426 exemplum

557 4433 624 4485 de
654 4442 700 4484 te
725 4431 1064 4502 prmueditati
1095 4431 1259 4502 aperis
1287 4432 1674 4500 sumpserimus.
1699 4430 2146 4502 ConsuleBtilen-

556 4500 742 4572 gerum
776 4503 842 4556 dc
877 4503 1085 4572 Pictura
1112 4500 1204 4556 lib.
1245 4518 1281 4567 ι,
1309 4518 1425 4572 cap.
1456 4503 1510 4567 8,
1536 4510 1590 4557 et
1617 4501 1886 4556 laudatum
1912 4500 2018 4572 Fea
2047 4501 2138 4556 lib.

555 4571 596 4642 i,
627 4588 744 4639 cap.
794 4573 850 4626 2.
899 4571 1121 4642 ιιῃαιηε,
1169 4575 1306 4636 sive,
1341 4571 1396 4626 ut
1441 4573 1525 4626 alii
1562 4573 1823 4638 scribunt,
1854 4571 2025 4626 hialus
2063 4581 2147 4627 est

559 4645 762 4699 vitrum
791 4655 880 4698 aut
901 4647 1212 4714 crystallum
1259 4661 1272 4696 :
1321 4644 1420 4699 hoc
1440 4654 1618 4698 autem
1646 4642 1765 4698 loco
1795 4644 2024 4698 sumitur
2045 4659 2146 4713 pro

557 4716 795 4770 tessellis
836 4719 1039 4781 vitreis,
1080 4731 1109 4770 e
1160 4717 1351 4784 quibus
1393 4717 1613 4784 picturae
1664 4723 1874 4769 veteres
1921 4719 2145 4769 musiva:

2236 2251 2295 2303 ll,
2329 2236 2428 2291 oda
2461 2236 2514 2303 8,
2540 2235 2722 2306 Neque
2747 2250 2955 2290 aureum
2984 2233 3102 2287 Mea
3128 2236 3324 2290 renidet
3351 2239 3405 2290 in
3426 2238 3576 2293 domo
3602 2233 3815 2297 lacunar.

2314 2307 2403 2362 57.
2427 2308 2548 2382 Ald.
2567 2306 2864 2382 mendose,
2889 2306 3143 2376 funditus.
3185 2307 3530 2376 Parrhasius,
3559 2328 3645 2381 per
3665 2313 3816 2382 ﬁdas:

2238 2378 2356 2448 lege
2382 2395 2472 2446 per
2499 2378 2704 2445 biﬁdas.

2309 2449 2401 2504 58.
2435 2448 2834 2518 S._Gregorius
2895 2447 3116 2517 Magnus
3161 2452 3727 2510 commemorationem
3761 2455 3813 2512 S.

2237 2512 2910 2589 Pauliapn'stoliVinvexit,
2943 2512 3066 2589 cum
3121 2531 3281 2576 antea
3342 2536 3448 2576 non
3483 2524 3584 2579 nisi
3615 2540 3814 2581 unoeo-

2236 2588 2466 2660 demque
2507 2589 2595 2645 die
2646 2589 2839 2645 festum
2888 2588 2989 2646 SS.
3013 2592 3378 2659 apostolorum
3409 2593 3554 2650 Petri
3587 2604 3641 2651 et
3681 2595 3814 2652 Pali

2235 2661 2626 2715 celebraretur.

2311 2730 2401 2786 60.
2433 2731 2567 2807 alar.
2591 2741 2654 2807 _et
2693 2732 2875 2800 Prag.,
2903 2733 3001 2807 Itis,
3045 2743 3094 2791 et
3118 2734 3264 2799 illis;
3308 2743 3541 2790 metrum
3590 2739 3749 2807 poscit
3773 2747 3814 2793 et

2238 2803 2340 2873 his,
2362 2813 2407 2856 et
2428 2801 2553 2855 illis.
2591 2801 2771 2870 Egm.,
2806 2805 3159 2873 profruamur.

2309 2872 2398 2945 (il.
2445 2873 2583 2945 Pons
2628 2873 2790 2945 juxta
2829 2872 3022 2928 malem
3076 2876 3190 2932 siv’e
3227 2874 3537 2945 sepulcrum
3583 2877 3811 2934 Hadriani

2238 2941 2644 3017 /Elius_dicitur
2669 2957 2697 2997 a
2733 2943 2926 3011 Dione,
2958 2947 3101 3017 quod
3131 2941 3304 3001 Itilius
3332 2947 3635 3004 Hadrianus
3668 2951 3812 3017 impe-

2243 3013 2506 3086 rator-hic
2534 3023 2838 3086 vocaretur.
2887 3016 3168 3082 Cellarius,
3221 3017 3343 3082 Ubi,
3377 3018 3572 3086 inquit,
3609 3013 3808 3075 Paulum

2237 3085 2530 3156 apostolum
2553 3085 2763 3156 tradunt
2791 3088 3046 3156 sepultum
3077 3105 3184 3142 esse
3210 3089 3262 3142 in
3289 3090 3370 3141 via
3402 3085 3647 3143 Ostiensi.
3670 3091 3812 3148 Falli-

2241 3169 2328 3210 tur
2356 3155 2586 3224 egregie.
2616 3155 2746 3209 Nam
2788 3155 2871 3212 via
2901 3156 3166 3214 Ostiensis
3207 3173 3314 3213 non
3365 3159 3417 3213 in
3464 3171 3627 3228 ponte
3661 3162 3808 3228 Elia,

2237 3235 2328 3280 aut
2351 3229 2487 3280 ultra
2518 3235 2874 3299 eumuexstat,
2901 3243 3076 3299 neque
3121 3228 3222 3284 hoc
3252 3233 3305 3284 in
3355 3229 3477 3284 loco
3521 3229 3706 3287 Paulus
3732 3249 3809 3288 se-

2242 3299 2420 3371 pultus
2445 3297 2860 3371 est._Cellarium
2885 3297 3116 3356 fortasse
3143 3301 3359 3368 decepit
3401 3301 3604 3371 glossa,
3649 3306 3809 3370 paucis

2238 3369 2438 3440 verbis
2467 3368 2681 3440 multos
2710 3383 2924 3426 errores
2970 3368 3459 3440 comprehetidens.
3516 3368 3810 3429 Prudentius

2241 3439 2389 3510 prius
2415 3437 2607 3492 festum
2643 3437 2955 3496 Vaticanum
2995 3437 3275 3510 memorat,
3303 3450 3416 3497 tum
3458 3441 3680 3499 alterum
3722 3447 3809 3500 via‘.

2240 3509 2503 3580 Ostiensis
2533 3523 2678 3564 vers.
2709 3523 2826 3580 seq.

2309 3579 2570 3644 64.Ald.,
2603 3580 2723 3645 hic;
2763 3579 2876 3644 alii,
2927 3583 3042 3637 huc.
3095 3583 3487 3640 Testimonium
3538 3585 3638 3641 hoc
3689 3586 3809 3640 anti-

2239 3651 2552 3721 quissimum
2581 3659 2664 3706 est
2689 3652 2757 3706 de
2780 3652 2987 3708 duabus
3008 3655 3185 3710 missis
3214 3658 3264 3710 in
3289 3671 3395 3708 uno
3423 3655 3516 3710 die
3546 3658 3613 3711 ab
3639 3658 3808 3712 eodem

2239 3721 2522 3776 sacerdote
2552 3722 2857 3777 celebratis.
2889 3723 3094 3780 Revera
3129 3726 3180 3780 in
3219 3729 3646 3783 sacramentario
3671 3725 3809 3782 Gela-

2241 3793 2393 3866 siauo
2415 3792 2535 3866 diue
2566 3792 2745 3866 missa:
2772 3795 3069 3866 peculiares
3093 3797 3144 3850 in
3177 3799 3313 3851 festo
3331 3786 3432 3853 SS.
3463 3799 3802 3866 apostolorum

2243 3862 2386 3917 Petri
2404 3871 2459 3918 et
2479 3862 2626 3917 Pauli
2654 3863 3050 3931 describuntur,
3110 3869 3276 3921 altera
3308 3866 3374 3920 In
3403 3862 3569 3922 natali
3601 3868 3658 3924 S.
3691 3867 3809 3922 Petri

2243 3935 2470 4006 proprie,
2505 3933 2773 4006 alterailn
2805 3937 2964 3989 natali
3014 3936 3074 3991 S.
3104 3935 3263 3992 Pauli
3287 3939 3516 4006 proprie.
3549 3939 3716 3994 Tertia
3737 3946 3809 3992 est

2243 4005 2405 4079 missa
2428 4005 2749 4079 communis,
2770 4015 2834 4079 ut
2864 4016 3012 4061 extra
3044 4007 3295 4079 basilicas
3325 4005 3421 4064 SS.
3457 4011 3809 4079 Apostolorum

2245 4076 2644 4148 celebraretur.
2662 4075 2866 4148 Hidies
2889 4081 2939 4148 in
2962 4078 3154 4146 quibus
3178 4081 3360 4148 plures
3389 4075 3570 4135 missae
3589 4080 3811 4136 diceban-

2245 4155 2354 4221 tur,
2381 4155 2439 4221 ut
2466 4160 2608 4221 nunc
2634 4147 2685 4200 in
2711 4146 2798 4221 die
2820 4147 3128 4221 Nativitatis
3153 4146 3386 4221 Domini,
3411 4152 3711 4221 polgturgici
3729 4165 3812 4217 ap-

2246 4218 2438 4286 pellari
2459 4216 2734 4272 solebant:
2761 4218 2830 4274 de
2857 4219 3053 4288 quibus
3083 4220 3252 4274 videri
3286 4216 3464 4289 potest
3503 4216 3813 4277 Walafridus

2247 4289 2441 4360 Strabo
2469 4302 2587 4360 cap.
2617 4289 2680 4342 21
2717 4289 2784 4344 de
2827 4289 2960 4344 μοι).
3017 4289 3229 4345 Eccles.
3258 4291 3402 4346 Olim
3447 4292 3630 4360 plures
3653 4292 3813 4356 hujus-

2248 4359 2392 4430 modi
2424 4359 2746 4430 polyturgici
2769 4360 2885 4414 dies
2911 4371 3064 4415 erant
3090 4377 3103 4415 :
3130 4376 3272 4415 nunc
3299 4359 3508 4416 tantum
3541 4363 3595 4417 in
3616 4363 3696 4418 die
3719 4361 3810 4415 Na-

2248 4429 2370 4484 talis
2412 4429 2618 4500 Domini
2651 4439 2758 4485 tres
2785 4431 2964 4485 missa:
2993 4432 3357 4494 celebrantur,
3399 4441 3457 4487 et
3487 4434 3539 4487 in
3585 4432 3813 4500 ﬂiSpania

2251 4509 2359 4555 tres
2380 4502 2430 4555 in
2453 4499 2538 4554 die
2561 4498 3098 4556 Commemorationis
3120 4504 3360 4558 omnium
3392 4502 3460 4557 [id
3471 4504 3629 4559 elium
3651 4498 3814 4559 dequ

2249 4580 2480 4646 ctorum.
2503 4569 2592 4646 _S.
2623 4573 2959 4646 Ambrosius
2985 4573 3047 4646 in
3078 4574 3294 4646 hymno
3333 4573 3438 4646 SS.
3473 4575 3814 4645 apostolorum

2252 4641 2394 4696 Petri
2425 4651 2479 4696 et
2503 4640 2658 4696 Pauli
2699 4642 2870 4698 tribus
2900 4644 2953 4697 in
2985 4645 3116 4699 locis
3131 4640 3377 4699 'diversis
3417 4640 3608 4700 eorum
3647 4647 3814 4700 festum

2252 4713 2580 4786 celebratum
2606 4712 2841 4786 indicat:
2874 4713 3055 4786 Tanta:
3080 4732 3168 4786 per
3197 4715 3336 4769 urbis
3352 4715 3616 4786 gmbitum
3638 4716 3817 4785 Stipant

558 4787 780 4841 ﬁebant.
827 4787 1125 4841 Hadrianus
1166 4783 1187 4838 Ι
1229 4787 1279 4840 in
1318 4783 1475 4856 epist.
1498 4785 1620 4840 data
1649 4801 1791 4840 anno
1817 4785 1921 4840 787
1949 4788 2015 4839 ad
2045 4785 2147 4840 Ca-
2174 4792 2230 4854 ι)
2255 4783 2683 4856 tendunt'agmina
2705 4801 2724 4838 :
2755 4783 2924 4839 Triuia
2939 4783 3329 4840 celebraturviis
3345 4783 3559 4840 Festum
3580 4783 3816 4842 sacrorum

560 4857 732 4912 rolum
767 4855 1084 4927 rcgem,qua
1104 4857 1304 4912 cultum
1335 4871 1607 4912 sacrarum
1631 4858 1917 4927 imaginum
1946 4865 2145 4923 tuetur,

559 4928 639 4983 sic
668 4929 740 4982 ait
767 4925 887 4998 cap.
909 4929 974 4984 19
990 4925 1014 4980 τ’
1037 4925 1262 4996 Itemque
1277 4929 1340 4981 de
1360 4938 1537 4982 sancto
1558 4925 1986 4998 quarto‘concilio
2004 4944 2149 4998 egre-

560 4999 674 5066 gius
707 4997 854 5070 atque
899 5000 1149 5069 miriﬁcus
1197 4999 1499 5068 praedicator
1557 4999 1618 5054 S.
1655 4997 1758 5051 Leo
1795 5013 1930 5070 papa
1961 5007 2008 5070 et
2037 4997 2146 5067 ipse

562 5069 683 5141 fecit
709 5068 964 5141 ecclesias,
987 5068 1112 5140 quas
1143 5072 1197 5123 in
1231 5071 1424 5124 musivo
1450 5080 1513 5141 et
1543 5070 1753 5141 diversis
1795 5068 2148 5141 ltistoriis__seu

563 5137 872 5213 imaginibus
895 5137 1106 5213 pingens
1131 5142 1406 5213 decoravit.
1435 5139 1606 5213 Magis
1636 5149 1804 5192 autem
1846 5141 1898 5213 in
1929 5138 2148 5213 basilica

562 5207 627 5261 Β.
663 5207 833 5282 Pauli,
857 5207 1073 5282 aposloli
1111 5227 1288 5282 arcum
1336 5207 1545 5282 ibidem
1564 5213 1808 5282 majorem
1839 5209 2066 5282 faciens,
2096 5218 2146 5262 et

563 5279 761 5332 musico
802 5277 1094 5352 depingens,
1126 5281 1448 5338 Salvatorem
1481 5280 1548 5333 D.
1580 5277 1654 5332 Ν.
1670 5278 1729 5352 Ι.
1760 5277 1819 5344 C,
1839 5277 1940 5352 seu
1959 5281 2146 5352 piginti

563 5361 786 5418 quatuor
812 5348 1030 5406 seniores
1052 5348 1254 5408 nomine
1277 5368 1370 5406 suo
1394 5352 1616 5404 versibus
1645 5351 1916 5404 decoravit.
1947 5348 2146 5405 Confer

565 5419 924 5489 Cia'mpinium
957 5430 1085 5475 tom.
1125 5425 1143 5477 l
1171 5424 1290 5479 Vel.
1333 5422 1568 5477 Monum.
1607 5436 1725 5490 cap.
1762 5421 1852 5474 24.
1883 5421 1939 5475 S.
1971 5421 2145 5474 Pauli-

564 5503 669 5544 nus
695 5491 762 5544 de
793 5491 1009 5545 basilica
1040 5492 1100 5546 S.
1141 5492 1333 5548 Felicis
1361 5508 1389 5546 a
1419 5507 1478 5547 sc
1505 5492 1718 5547 condita
1761 5490 1814 5545 in
1844 5491 2004 5560 epist.
2053 5490 2143 5558 12,

562 5560 632 5614 ad
665 5561 919 5616 Severum
945 5577 961 5616 :
993 5561 1227 5633 Absidcm
1254 5564 1364 5616 solo
1386 5574 1432 5617 et
1465 5563 1741 5633 parietibus
1785 5570 2148 5616 marmoratam

562 5646 768 5702 camera
799 5633 989 5687 musivo
1018 5632 1172 5702 illusa
1195 5635 1468 5701 clariﬁcat.
1497 5633 1786 5702 Gregorius
1814 5633 2144 5688 Turonensis

560 5701 659 5774 lib.
689 5720 719 5756 v
751 5704 912 5767 llist.,
946 5717 1065 5771 cap.
1111 5701 1199 5766 45,
1241 5703 1517 5757 Ecclesium
1545 5701 1832 5774 fabricauit,
1866 5719 2016 5774 quam
2060 5719 2145 5756 co-

561 5772 754 5844 Lumnis
804 5774 1022 5844 fulcioit,
1079 5774 1293 5844 t'ariavit
1327 5772 1599 5844 marmore,
1647 5773 1842 5844 musico
1882 5772 2142 5842 depinxit.

562 5840 700 5900 Hinc
727 5840 1027 5906 musivarii,
1062 5842 1131 5898 de
1153 5844 1346 5913 quibus
1369 5842 1492 5896 cod.
1521 5843 1725 5913 Theod.
1753 5843 1869 5911 lege
1882 5844 1940 5907 2,
1958 5840 2027 5897 de
2055 5858 2149 5899 ex-

563 5917 887 5976 cusationib.
919 5916 1140 5980 ιιι-11110..
1175 5912 1244 5966 et
1267 5913 1598 5979 Ciampinius
1636 5912 1740 5966 loc.
1768 5913 1883 5972 ciu.
1915 5913 2003 5968 ubi
2026 5927 2147 5982 cap;

2255 4864 2558 4925 martyrum.
2583 4854 2831 4926 Fortasse
2855 4857 3015 4910 missa
3028 4871 3147 4926 qua:
3165 4858 3217 4911 in
3241 4859 3662 4912 sacramentario
3679 4857 3819 4911 Gela-

2254 4926 2408 4980 siano
2437 4935 2594 4981 nocte
2614 4925 2932 4982 celebranda
2966 4925 3356 4996 praescribitur,
3397 4929 3451 4983 in
3478 4929 3584 4982 alia
3609 4929 3817 4984 ecclesia

2254 4998 2627 5068 peragebatur.
2666 4996 3069 5068 ancellierius,
3095 4999 3147 5052 in
3170 5013 3335 5068 opere
3358 4997 3426 5055 de
3454 4998 3680 5054 Careere
3703 4997 3817 5051 Tul-

2252 5067 2417 5128 liano,
2440 5082 2561 5136 cap.
2595 5068 2683 5138 17,
2710 5066 3008 5136 'l‘orrigium
3042 5079 3096 5124 et
3129 5066 3501 5125 Constantium
3525 5070 3708 5138 rejicit,
3736 5068 3817 5137 qui

2252 5138 2554 5209 inlaudato
2599 5137 2799 5208 hymno
2840 5139 3063 5194 indicari
3105 5149 3362 5209 putarunt
3400 5137 3819 5195 locum’carceris

2251 5207 2480 5263 Tulliani
2511 5225 2526 5272 ;
2556 5207 2829 5263 existimat
2861 5211 3003 5265 enim
3035 5207 3246 5265 tertiam
3276 5211 3585 5277 ecclesiam,
3614 5212 3717 5266 sive
3744 5210 3819 5263 lo-

2249 5293 2369 5334 cum
2401 5295 2508 5346 quo
2537 5279 2723 5334 ﬁdeles
2747 5280 2801 5334 in
2833 5281 2920 5336 die
2951 5279 3089 5336 festo
3119 5280 3219 5337 SS.
3271 5282 3637 5348 apostolorum
3684 5280 3820 5335 Petri

2249 5360 2304 5404 et
2334 5349 2482 5403 Pauli
2526 5349 2885 5418 confluebant,
2937 5350 3102 5407 fuisse
3152 5352 3493 5421 Vaticanum,
3523 5353 3633 5407 sive
3651 5353 3824 5418 sepul-

2250 5433 2400 5474 crum
2428 5421 2484 5474 S.
2511 5421 2687 5476 Petri:
2723 5436 2846 5475 nam
2876 5422 3009 5478 duas
3039 5423 3172 5476 alias
3191 5423 3450 5478 ecclesias
3493 5424 3652 5478 fuisse
3683 5421 3824 5475 aflir-

2251 5499 2362 5545 mat
2383 5493 2562 5562 Aquas
2597 5491 2826 5557 Salviae,
2860 5493 2949 5548 ubi
2971 5493 3149 5562 gladio
3175 5507 3348 5549 caesus
3391 5503 3477 5549 est
3516 5494 3741 5558 Paulus;
3776 5505 3828 5546 et

2250 5562 2571 5626 laniculum,
2607 5563 2694 5616 ubi
2723 5564 2906 5632 opinio
2936 5573 3055 5618 erat
3102 5563 3319 5618 Petrum
3370 5567 3519 5620 cruci
3569 5563 3727 5619 fuisse
3753 5563 3830 5617 af-

2254 5635 2436 5688 tixum.
2467 5632 2640 5706 Negat
2662 5641 2840 5706 autem
2869 5633 3254 5706 Cancellierius
3286 5635 3540 5706 hymnum
3570 5636 3710 5690 illum
3745 5635 3826 5686 in-

2255 5712 2338 5758 ter
2349 5719 2507 5774 opera
2533 5704 2591 5759 S.
2619 5704 2933 5775 Ambrosiia
2957 5720 3018 5761 se
3039 5704 3338 5775 repertum;
3358 5708 3426 5761 At
3443 5708 3509 5762 de
3521 5706 3826 5772 antiquitate

2255 5775 2373 5843 ejus
2402 5775 2585 5844 hymni
2611 5774 2843 5830 dubitari
2878 5777 3087 5846 nequit:
3109 5774 3446 5832 exstatenim
3479 5778 3532 5831 in
3559 5777 3828 5832 Breviarlo

2258 5846 2609 5920 illozarabico.
2641 5846 2704 5900 Et
2732 5847 2974 5920 quamvis
3009 5847 3242 5920 Mauriui
3263 5848 3404 5903 inter
3435 5847 3653 5920 hymnos
3691 5847 3825 5901 Am-

2255 5915 2536 5971 brosianos
2567 5918 2822 5986 hymnum
2851 5917 2919 5974 de
2947 5919 3194 5987 apostolo
3220 5918 3378 5974 Petro
3419 5915 3487 5974 et'
3517 5918 3672 5973 Paulo
3716 5934 3825 5974 non
