3994 6290
116 6066 124 6071 1
149 6040 179 6057 Δ

341 598 643 665 Conspectu
671 597 723 651 in
745 597 862 666 ipso
889 595 1102 651 condita
1135 595 1360 652 turrium

349 689 560 762 1214
587 689 775 745 Servat
805 691 1031 744 salutem
1060 689 1208 759 virgo
1241 687 1521 755 Quiritium
1546 705 1558 740 :

117 779 126 787 “
340 781 450 836 Nec
477 795 584 837 non
617 789 671 834 et
699 781 842 848 ipsos
871 779 1097 848 protegit
1125 779 1383 844 advenas,

347 872 490 926 Puro
517 886 580 926 ac
611 870 754 926 fideli
786 880 1005 940 pectore
1034 870 1326 940 supplices.

349 962 553 1030 Duplex
584 975 782 1022 corona
803 970 886 1015 est
912 960 1149 1031 prastita
1180 959 1425 1031 martyri,

351 1054 610 1110 Intactum
641 1055 708 1109 ab
732 1054 878 1109 omni
904 1055 1130 1109 crimine
1157 1053 1399 1122 virginal,
1509 1039 1512 1042 ’

350 1145 558 1219 1215
575 1149 757 1204 Mortis
780 1148 974 1204 deinde
994 1149 1159 1220 gloria
1189 1144 1389 1204 libet‘ae.

173 1244 233 1296 l0
348 1241 535 1309 Aiunt,
561 1241 725 1312 jugali
755 1243 844 1296 vix
873 1242 1102 1297 habilem
1145 1251 1264 1296 toro

1386 459 1949 519 PERISTEPHANON
1991 460 2200 517 HYMN.
2245 459 2382 516 XIV.

1768 578 1824 639 Δ

1856 963 1920 1017 15

3325 457 3430 516 581

2030 592 2222 648 Primis
2255 592 2310 646 in
2335 592 2490 646 annis
2516 591 2651 646 forte
2673 589 2988 660 puellulam,

2025 682 2243 738 Christo
2271 685 2555 750 calentem,
2586 681 2797 738 fortiter
2834 682 3015 752 impiis

2031 776 2206 834 iussis
2231 776 2488 840 renisam,
2519 790 2624 844 quo
2649 775 2824 830 minus
2851 773 3008 830 idolis

2027 870 2274 935 Addicta,
2305 883 2512 924 sacram
2539 869 2817 924 desereret
2844 868 3026 923 fidem.

2032 962 2257 1018 Tentata
2287 961 2469 1017 multis
2498 975 2620 1016 nam
2650 962 2800 1030 prius
2834 960 3063 1027 artibus,

2033 1058 2188 1114 Nunc
2213 1072 2310 1114 ore
2329 1058 2509 1114 blandi
2535 1057 2730 1128 iudicis
2761 1058 2925 1124 illice,

2035 1151 2190 1207 Nunc
2226 1151 2500 1208 saevientis
2527 1149 2794 1205 carniﬁcis
2821 1151 3002 1218 minis,

2043 1243 2234 1300 Stabat
2256 1243 2424 1300 feroci
2448 1243 2642 1302 robore
2666 1243 2933 1313 pertinax,

1450 1352 1736 1411 GLOSSIE
1779 1353 2119 1413 VETERES.

241 1467 294 1522 5.
331 1467 576 1534 Condita,
608 1469 828 1535 sepulta,
864 1470 1177 1533 abscondita,
1202 1473 1238 1525 I.

238 1539 294 1594 4.
322 1539 625 1606 Quiritium,
655 1538 1023 1593 Romanorum.
1058 1542 1279 1605 Quirites
1313 1541 1609 1596 dicebantur
1648 1543 1754 1596 Ro-

176 1610 311 1662 mani
339 1625 370 1662 a
400 1610 637 1676 Quirino,
666 1611 720 1663 id
747 1621 819 1664 est
852 1609 1092 1674 Romulo,
1119 1613 1208 1680 qui
1234 1628 1430 1680 semper
1467 1612 1616 1666 hasta
1644 1625 1754 1667 ute-

175 1681 357 1752 batur;
384 1697 514 1752 nam,
538 1681 696 1748 quiris
734 1681 914 1749 lingua
948 1680 1259 1752 Sabinorum
1289 1684 1436 1736 hasta
1462 1683 1648 1736 dicitur
1668 1725 1683 1752 ,
1714 1684 1756 1741 1.

242 1749 297 1805 6.
332 1751 635 1820 Supplices,
669 1752 914 1814 humiles,
943 1751 982 1805 1.

245 1821 299 1876 8.
331 1820 590 1892 Virginal,
633 1822 771 1876 locus
800 1822 853 1874 in
881 1837 981 1891 quo
1020 1823 1403 1894 devirginantur
1428 1825 1677 1897 uirgines,
1711 1823 1754 1877 Ι.

1874 1471 2172 1545 Virginitas,
2208 1475 2362 1544 Prag.

1933 1545 1987 1599 9.
2014 1545 2244 1616 Liberae,
2268 1546 2524 1616 gloriosa,
2555 1545 2596 1600 Ι.

1936 1617 2023 1669 1⁸5.
2059 1615 2332 1682 Renisam,
2363 1618 2698 1683 resistentem,
2725 1617 2762 1671 Ι.

1934 1683 2024 1757 i6.
2056 1685 2218 1757 illico,
2243 1687 2540 1757 accipiente,
2569 1687 2605 1741 l.

1936 1752 2026 1809 18.
2058 1755 2330 1826 Pertinax,
2353 1752 2516 1824 'dura,
2535 1759 2576 1814 Ι.

1506 1937 2068 1997 COMMENTARIUS.

181 2049 410 2121 fortasse
435 2048 520 2103 hic
550 2064 678 2104 usus
699 2050 864 2119 carpit
883 2064 1003 2121 cum
1037 2051 1088 2104 in
1119 2050 1240 2104 aliis
1261 2051 1483 2107 vocibus
1502 2051 1762 2120 aSpiratio
1793 2055 1841 2116 Β
1869 2052 2028 2115 pallio
2056 2061 2112 2107 et
2145 2051 2213 2107 de
2255 2053 2353 2107 hac.
2377 2053 2763 2107 consuetudine
2793 2052 2918 2108 vide
2948 2052 3088 2121 apud
3125 2053 3355 2110 Macrum
3389 2058 3441 2113 in

180 2119 548 2192 omittebatug,
580 2129 640 2174 ut
666 2121 719 2175 in
745 2138 949 2192 ymnus,
975 2120 1273 2192 lppolylus,
1303 2130 1357 2175 et
1385 2121 1671 2176 similibus.
1707 2122 1762 2176 ln

184 2189 304 2242 Vat.
337 2189 384 2256 Q
416 2189 650 2260 etiEgm.
690 2189 943 2246 mendum
977 2189 1059 2244 est
1093 2189 1291 2255 Agnen,
1324 2202 1378 2244 ut
1412 2195 1462 2245 in
1493 2192 1630 2246 Aldo
1662 2193 1764 2245 Ilo-

183 2259 327 2332 muli.
349 2259 619 2332 Barthius,
646 2261 741 2332 lib.
770 2277 844 2326 tv,
871 2276 990 2332 cap.
1017 2261 1085 2317 l3
1111 2263 1359 2328 Advers.,
1388 2261 1634 2322 advertit.
1663 2264 1766 2316 Ro-

183 2329 354 2383 mulea
380 2332 436 2383 in
463 2331 612 2402 domo
656 2330 762 2386 dici
805 2347 903 2402 pro
935 2329 1139 2396 Roma,
1173 2343 1231 2386 ut
1263 2333 1404 2400 apud
1450 2333 1725 2386 Horatium
1748 2374 1764 2398 ,

184 2402 369 2455 domus
400 2401 638 2456 Albunea
681 2401 966 2456 resonantis
999 2417 1098 2469 pro
1131 2404 1276 2456 fonte
1322 2402 1572 2471 nympha:
1606 2404 1768 2456 Alliu-

188 2485 322 2531 ηδε,
356 2483 410 2524 et
437 2487 501 2526 ex
532 2471 908 2526 emendatione
938 2471 1177 2540 ejusdem
1201 2470 1424 2533 Barthii,
1450 2470 1561 2524 Nec
1586 2473 1767 2526 domus

187 2541 354 2594 exsilii
381 2539 650 2595 Plutonia.
686 2543 866 2609 Itaque
894 2539 996 2596 etSi
1021 2542 1418 2596 euncedendum
1447 2543 1518 2595 sit
1551 2557 1615 2595 ex
1648 2541 1768 2595 aliis

186 2614 551 2685 monumentis
575 2613 630 2668 S.
650 2619 920 2685 _Agnetem
949 2611 1114 2666 fuisse
1143 2613 1329 2685 Botnze
1360 2621 1561 2685 nataui,
1589 2621 1767 2666 tamen

189 2681 252 2753 e'x
284 2681 486 2753 hymno
523 2681 798 2736 Prudentii
851 2682 900 2753 id
947 2698 1049 2735 non
1087 2682 1600 2753 colligitur;_multo
1639 2696 1769 2736 vero

188 2751 367 2806 minus
392 2752 558 2806 Roma
579 2752 995 2822 tanquamillius
1025 2753 1192 2821 patria
1212 2754 1263 2805 in
1289 2751 1388 2805 hoc
1406 2751 1606 2821 hymno
1634 2768 1770 2820 pr:c-

187 2823 421 2885 dicatur,
441 2837 561 2876 cum
587 2821 761 2877 solum
791 2821 1088 2876 affirmetur
1114 2822 1297 2876 Romae
1319 2837 1439 2876 esse
1463 2823 1768 2890 sepulcrum

188 2894 438 2955 Agnetis.
471 2890 872 2948 Correctionem
898 2907 1026 2946 vero
1057 2893 1258 2946 Barthii
1287 2893 1340 2945 in
1372 2894 1569 2946 Horatii
1610 2906 1770 2946 versu

189 2962 334 3017 exilii
375 2976 474 3031 pro
497 2963 664 3029 exilis,
699 2977 804 3018 non
833 2961 988 3017 facile
1015 2963 1299 3017 admittent
1324 2963 1412 3032 qui
1437 2963 1649 3016 curiose
1674 2964 1772 3016 ob-

190 3042 483 3088 servarunt
518 3034 794 3088 Horatium
827 3033 1132 3101 huiusmodi
1155 3034 1354 3104 patrios
1374 3047 1531 3088 casus
1553 3047 1772 3104 semper

190 3106 352 3158 unico
378 3105 396 3157 i
422 3105 702 3170 extulisse,
732 3114 789 3158 ut
816 3105 1006 3174 favoni.

260 3175 317 3228 ὅ.
350 3175 640 3229 Peveratus
677 3175 752 3229 ait
783 3183 995 3244 poetam
1024 3174 1335 3229 meminisse
1367 3175 1592 3245 turrium
1639 3189 1773 3245 qua-

191 3261 314 3300 rum
336 3246 732 3316 nomen_adhuc
759 3247 920 3314 viget,
950 3255 1002 3300 et
1031 3246 1333 3316 sanguineas
1361 3255 1524 3299 turres
1548 3244 1773 3301 Romani

191 3316 480 3386 indigitant
531 3313 761 3386 fortasse
799 3313 835 3370 a7
873 3313 1228 3385 gladiatorum
1283 3317 1561 3385 sanguine.
1612 3317 1774 3372 Addit

190 3385 498 3456 sepulcrum
525 3385 585 3442 S.
611 3389 831 3454 Agnetis
858 3401 1000 3440 nunc
1029 3401 1150 3441 esse
1173 3387 1259 3440 ubi
1291 3387 1558 3454 quondam
1599 3389 1774 3441 circus

192 3458 434 3527 agonalis
459 3466 604 3524 erat,
637 3467 692 3512 et
727 3456 1042 3512 Ciceronem
1093 3465 1267 3510 turres
1313 3457 1444 3511 istas
1483 3466 1620 3527 orat.
1660 3459 1694 3512 ὅ
1721 3459 1774 3511 in

189 3524 352 3598 eam.
399 3542 730 3582 memorasse
753 3545 766 3581 :
795 3527 1035 3598 Profecto
1059 3528 1296 3580 memoria
1318 3530 1495 3582 tenetis
1517 3569 1529 3591 ,
1554 3524 1700 3581 Cotta
1729 3536 1776 3580 et

196 3597 463 3666 Torquato
492 3613 648 3664 coss.,
686 3599 970 3668 complures
1006 3599 1061 3651 in
1090 3598 1344 3666 Capitolio
1369 3611 1528 3651 turres
1559 3599 1620 3651 de
1652 3599 1776 3651 creto

190 3684 302 3723 esse
333 3685 622 3738 percussas.
653 3669 844 3722 Verum
869 3669 980 3722 hare
1007 3669 1391 3738 explanatione
1413 3679 1466 3723 et
1486 3673 1778 3722 correcno-

192 3753 261 3794 ne
289 3739 554 3810 indigent.
587 3740 771 3793 Romae
792 3753 955 3806 prope
976 3741 1174 3792 circum
1199 3741 1472 3807 agenalem
1496 3739 1777 3810 exstatlo—

191 3823 290 3864 cus
319 3808 429 3864 Ter
447 3811 754 3880 sanguigna,
778 3810 964 3863 Turris
987 3810 1274 3878 Sanguinca
1309 3822 1657 3878 nuncupatus.
1681 3809 1776 3862 Hic

193 3879 349 3934 locus
377 3895 407 3934 a
447 3879 710 3948 Capitolio
740 3883 894 3948 longe
922 3880 1103 3936 distat.
1135 3880 1248 3932 Alia
1281 3881 1478 3933 similia
1525 3889 1647 3932 sunt
1677 3896 1776 3932 no-

193 3951 343 4005 mina
385 3951 572 4005 Romte
594 3967 620 4003 a
647 3952 885 4010 turribus
907 3950 1066 4017 dicta,
1098 3959 1153 4003 ut
1181 3949 1286 4002 Tor
1311 3950 1362 4001 di
1388 3951 1639 4018 sperchio,
1676 3949 1777 4002 Ter

192 4022 248 4075 di
280 4020 466 4086 Nona,
487 4021 612 4083 etin
641 4037 769 4092 agro
792 4021 1033 4075 Romano
1057 4020 1127 4073 45
1146 4021 1258 4074 loca
1291 4031 1565 4074 enumerat
1595 4020 1778 4074 Esclii-

193 4093 403 4150 nardus
447 4093 642 4161 quibus
678 4109 707 4144 a
741 4093 870 4143 turri
909 4106 1104 4161 nomen
1141 4102 1223 4145 est
1266 4092 1510 4144 inditum.
1549 4093 1598 4144 In
1630 4093 1776 4145 circo

193 4164 445 4231 agonali,
469 4160 618 4216 nunc
648 4161 837 4215 Piazza
867 4160 1083 4215 Navona
1107 4202 1120 4225 ,
1160 4163 1391 4216 celebris
1430 4162 1657 4216 ecclesia
1693 4169 1777 4214 est

193 4221 259 4288 Si
301 4221 523 4303 Agnetis
543 4277 557 4299 ,
588 4248 706 4301 quae
738 4233 887 4286 locus
907 4221 1195 4303 lupanaris
1229 4232 1466 4284 creditur
1498 4231 1664 4286 fuisse
1688 4231 1776 4286 tibi

193 4302 382 4374 Agnes
417 4306 699 4371 prostituta
733 4303 852 4356 fuit.
897 4302 1355 4374 Sepulcrumejiis
1377 4303 1569 4355 visitur
1598 4304 1649 4356 in
1671 4303 1776 4356 alia

193 4372 435 4429 ecclesia
466 4377 565 4427 sub
603 4375 768 4442 ipsius
812 4375 1026 4427 nomine
1071 4373 1122 4427 in
1173 4373 1255 4425 via
1290 4372 1620 4426 Nomentana
1669 4387 1777 4427 non

194 4445 360 4514 longe
389 4445 455 4497 ab
477 4444 637 4499 Urbe.
663 4442 736 4498 De
755 4444 853 4498 hac
883 4444 1112 4498 ecclesia
1136 4443 1374 4513 intelligo
1401 4443 1772 4497 Prudentium:

193 4531 322 4584 quae
345 4515 559 4584 quidem
585 4517 754 4583 posita
776 4524 854 4568 est
886 4515 940 4568 in
974 4523 1262 4579 consuectn
1293 4514 1521 4568 turrium
1558 4521 1611 4566 et
1633 4515 1778 4581 pala-

193 4579 399 4641 tior'um
426 4579 860 4656 Romaeqbomus
877 4585 1000 4638 altae
1031 4595 1206 4638 turres
1224 4600 1252 4638 a
1287 4586 1455 4650 poetis
1487 4579 1774 4656 vocantur:

195 4657 327 4710 hinc
358 4657 507 4710 urbes
534 4655 814 4725 turrigerae,
847 4656 1029 4708 turrita
1053 4657 1253 4708 mantia.
1283 4656 1437 4709 Notat
1456 4669 1584 4708 vero
1615 4655 1776 4710 Pete-

193 4737 355 4782 ratus
386 4726 444 4782 S.
475 4727 734 4795 Agnetem
757 4727 811 4780 in
846 4727 930 4779 via
950 4727 1278 4780 Nomentana
1300 4742 1329 4779 a
1357 4728 1662 4793 parentibus
1689 4741 1776 4779 se-

1869 2123 2167 2188 Hierolex.,
2189 2130 2247 2177 et
2269 2123 2634 2178 doctissimum
2669 2123 2982 2176 Zachariam
3019 2124 3072 2177 in
3102 2123 3442 2186 Onomastieo

1868 2194 2050 2248 rituali
2073 2196 2296 2248 selecto.

1945 2256 2000 2317 5.
2035 2263 2092 2318 In
2123 2264 2368 2318 universa
2404 2263 2638 2317 Ecclesia
2665 2262 3070 2317 celeberrimum
3103 2273 3218 2318 erat
3250 2279 3446 2324 nomen

1873 2333 1933 2389 S.
1961 2335 2205 2404 Agnetis,
2226 2335 2292 2388 de
2317 2350 2418 2402 qua
2454 2334 2808 2403 Hieronymus
2827 2334 2984 2404 epist.
3011 2334 3124 2388 8ad
3154 2335 3449 2390 Demetria-

1869 2403 2026 2466 dem,
2076 2414 2133 2459 et
2159 2419 2224 2458 ex
2256 2418 2323 2459 eo
2361 2404 2799 2474 martyrologitun
2832 2403 3130 2460 Romanum
3159 2423 3171 2458 :
3206 2404 3447 2461 Omnium

1868 2476 2091 2544 gentium
2145 2474 2328 2528 litteris
2377 2485 2525 2541 atque
2579 2475 2769 2542 linguis
2821 2475 3073 2544 pracipue
3121 2478 3174 2528 in
3223 2477 3448 2532 ecclesiis

1868 2545 2038 2614 Agnes
2056 2545 2159 2616 vita
2180 2545 2392 2598 laudata
2406 2553 2498 2607 est,
2517 2560 2633 2613 qua:
2645 2552 2690 2616 et
2708 2554 2906 2598 etatem
2929 2545 3062 2616 t-icit,
3086 2555 3132 2599 et
3155 2556 3447 2616 tyrannum,

1870 2624 1917 2669 et
1944 2615 2152 2669 titulum
2172 2616 2422 2668 castitatis
2444 2614 2690 2684 martyrio
2716 2615 3046 2668 consecravit.

1942 2707 1996 2761 6.
2024 2707 2315 2780 Grego_rius
2335 2707 2402 2761 de
2415 2706 2991 2780 Valentia,_C_omment.
3024 2707 3282 2778 theolog.,
3312 2711 3450 2780 disp.

1873 2775 1936 2841 6,
1965 2775 2153 2848 quaest.
2183 2776 2251 2840 2,
2285 2785 2468 2847 punct.
2507 2778 2570 2844 7,
2605 2775 2778 2830 valide
2819 2778 3102 2848 confirmat
3142 2775 3358 2836 sanctos
3397 2775 3452 2840 in

1874 2847 2018 2902 coelo
2061 2847 2224 2902 Deum
2256 2848 2411 2902 nobis
2441 2848 2782 2918 precantibus
2813 2847 3036 2904 reddere
3067 2851 3356 2918 propitium
3381 2869 3452 2908 ex

1873 2918 2177 2984 miraculis,
2217 2927 2271 2972 et
2297 2917 2482 2986 gratiis
2509 2932 2641 2986 quas
2670 2917 2933 2982 obtinent,
2965 2929 3020 2974 et
3051 2917 3145 2975 lios
3174 2917 3452 2982 ’Prudentii

1873 2987 2406 3062 versu_s__sitnilesque
2422 2988 2554 3062 alios
2584 2987 2789 3042 Paulini
2820 2988 2873 3040 in
2904 2990 3136 3044 medium
3157 2993 3378 3062 profert.

1945 3058 1998 3112 7.
2029 3057 2129 3112 Hic
2155 3059 2324 3134 accipi
2359 3057 2570 3134 videtur
2591 3073 2788 3134 corona
2832 3076 2933 3134 non
2969 3057 3198 3134 tanrpro
3227 3065 3452 3134 praemio

1878 3143 2036 3198 quam
2068 3144 2166 3198 pro
2211 3130 2326 3198 ipso
2354 3129 2610 3199 martyrio
2642 3141 2690 3181 et
2725 3128 3044 3199 virginitate.
3079 3128 3450 3189 Hanc’distin-

1874 3202 2106 3256 ctionem
2129 3200 2361 3269 eXplieat
2382 3199 2690 3254 Paschalius
2714 3200 2807 3254 lib.
2844 3218 2856 3254 I
2883 3201 2950 3254 de
2976 3200 3224 3270 Coronis,
3249 3219 3366 3274 cap.
3396 3205 3448 3260 6.

1949 3291 2093 3364 8.Aln
2124 3292 2389 3364 nonnullis
2411 3291 2577 3360 vulg.,
2609 3290 2886 3364 mendose,
2917 3292 3153 3364 virginali
3180 3308 3276 3362 pro
3296 3297 3453 3364 virgi-

1878 3364 1982 3416 nal.
2002 3361 2272 3427 Barthius,
2289 3361 2538 3425 lib.xxVI,
2552 3376 2669 3430 cap.
2689 3362 2773 3425 12,
2787 3361 3242 3431 elegantissimeid
3255 3361 3454 3423 dictum

1803 3421 1850 3484 C
1882 3433 2134 3487 aflirmat.
2160 3421 2327 3504 Quam
2369 3421 2554 3504 vocem
2575 3475 2588 3496 ,
2618 3421 2794 3504 inquit
2817 3473 2832 3497 ,
2865 3421 3096 3499 pessime
3120 3421 3453 3504 interpretati

1883 3513 2028 3566 sunt,
2059 3504 2140 3556 lso
2161 3520 2258 3572 pro
2277 3503 2394 3556 luco
2421 3502 2505 3557 ubi
2529 3502 2738 3572 Γειιιίιιτι)
2761 3502 3180 3572 devirginantur,
3206 3502 3273 3559 et
3289 3504 3455 3561 Geor-

1879 3576 1998 3642 gius
2026 3574 2303 3628 Fabricius
2325 3589 2419 3642 pro
2440 3588 2506 3627 eo
2529 3573 2614 3626 ubi
2645 3574 2874 3640 virgines
2897 3587 3194 3629 versantur.
3221 3576 3454 3632 Pruden-

1883 3648 1988 3698 tius
2020 3645 2198 3711 posuit
2219 3659 2317 3713 pro
2349 3653 2496 3708 parte
2533 3643 2762 3697 verenda
2788 3645 3010 3710 virginei
3051 3649 3326 3710 corporis.
3373 3650 3452 3704 uti

1878 3714 2135 3787 _Sol_inu_s,_
2163 3714 2529 3787 Apuleius_,_et
2567 3727 2630 3787 ex
2658 3715 2994 3787 correctione
3023 3715 3220 3772 Barthii
3260 3719 3454 3787 glossa:

1877 3783 2087 3839 lsidori.
2118 3784 2172 3838 ln
2206 3784 2365 3838 Macri
2411 3783 2744 3852 llierolexico
2774 3785 2990 3851 virginal
3031 3801 3146 3852 ext»
3173 3783 3316 3842 nitur
3345 3791 3452 3843 vir-

1876 3854 2094 3927 ginitas,
2123 3865 2173 3908 et
2199 3871 2276 3927 ex
2296 3854 2557 3927 sententia
2584 3851 2760 3927 Caroli
2779 3853 3044 3909 Widmani
3067 3859 3306 3927 lupanar,
3333 3875 3453 3914 orn-

1883 3922 2014 3980 itino
2047 3927 2208 3997 male.
2239 3922 2513 3997 Giselinus
2556 3923 2784 3997 expiiCat
2831 3927 2990 3996 ὑμήν,
3023 3922 3130 3980 seu
3165 3922 3453 3997 virgineum

1877 3997 2167 4058 vinculum,
2181 3996 2249 4049 de
2266 4011 2370 4064 quo
2385 3995 2618 4048 Joannes
2636 3994 3137 4065 Wyerustnedicus.
3160 3994 3336 4054 Ausus
3349 4011 3452 4065 est,

1877 4066 2026 4122 addit
2068 4063 2359 4126 Giselinus,
2396 4063 2744 4129 Prudentius,
2770 4066 2908 4132 quod
2940 4065 3267 4134 Augustinus
3294 4063 3455 4133 atoue

1878 4137 1966 4191 alii
1989 4137 2220 4209 efferunt
2262 4137 2312 4190 in
2340 4136 2529 4205 plurali
2562 4149 2816 4209 numero,
2842 4134 3043 4209 efferre
3070 4137 3120 4190 in
3151 4139 3405 4209 singulari
3436 4181 3453 4205 ,

1878 4205 2148 4276 quomodo
2175 4203 2556 4260 antea‘nomen
2605 4207 2759 4257 altar.
2803 4203 2945 4259 Idem
2988 4203 3266 4265 Giselinus
3297 4203 3455 4278 plane

1879 4280 2054 4346 rejicit
2082 4279 2420 4346 utspurium,
2449 4291 2618 4343 neque
2645 4290 2765 4328 cuin
2801 4278 3152 4341 sequentibus
3176 4284 3456 4337 cohaerens

1880 4345 2137 4418 Intactum
2161 4348 2222 4400 ab
2253 4348 2390 4400 omni
2420 4348 2627 4418 crimine
2660 4361 2842 4414 corpus
2864 4355 2954 4411 est,
2983 4347 3126 4415 quod
3158 4350 3211 4402 in
3235 4351 3456 4418 quibus-

1879 4417 1999 4472 dam
2033 4420 2268 4488 legerat,
2303 4419 2394 4471 SCtl
2445 4417 2616 4488 alifna
2647 4432 2842 4488 manu,
2887 4427 2942 4488 ut
2983 4417 3294 4486 videbatur,
3323 4424 3456 4476 scti-

1880 4501 2050 4559 plum.
2088 4485 2243 4554 Quod
2290 4497 2467 4543 autem
2495 4485 2763 4559 Giselinns
2793 4486 3010 4559 virginei
3039 4485 3288 4559 tanquam
3328 4493 3458 4546 Pr...

1881 4555 2044 4614 dentii
2075 4559 2350 4628 proprium
2385 4561 2434 4611 in
2474 4557 2726 4628 singulari
2777 4555 2955 4628 uetat,
2989 4555 3162 4614 facile
3196 4561 3457 4616 refellitur

1879 4627 2198 4685 auctoritate
2235 4629 2478 4700 Apuleii.
2520 4627 2690 4700 Solini
2755 4637 2808 4680 ct
2845 4627 3090 4683 aliorum.
3137 4631 3392 4700 Apuleius
3425 4649 3458 4687 ιι

1881 4701 2095 4756 Metam.
2122 4701 2283 4754 etiam
2310 4699 2704 4768 dixitfeminal.

195 4799 439 4866 pullam,
484 4790 573 4850 alii
619 4798 987 4851 cmmeterium
1021 4796 1238 4865 Agnetis
1282 4790 1480 4850 dictum
1522 4813 1533 4847 :
1573 4796 1774 4864 puellas
1799 4793 1852 4854 Ι)
1950 4793 2036 4866 ll).
2063 4793 2214 4847 Brev.
2248 4790 2694 4866 Moz.,_maritali:
2723 4793 2835 4862 lege
2853 4793 3046 4866 jugali.
3070 4793 3198 4866 AVat.
3221 4793 3282 4859 Β,
3329 4794 3456 4850 Mar.

193 4869 477 4924 Romanas
505 4867 640 4921 bane
682 4868 952 4922 basilicam
997 4866 1360 4937 frequentasse
1391 4885 1404 4920 :
1432 4866 1565 4920 duos
1608 4881 1772 4935 agnos

193 4939 462 4996 candidos
485 4937 603 4991 duci
630 4938 814 4992 solitos
835 4941 900 4992 ad
927 4953 1098 5005 aram,
1129 4949 1186 4992 ut
1214 4937 1674 5000 benedicercntur,
1705 4952 1772 4991 ex

193 5025 434 5080 quorum
463 5010 658 5062 vellere
677 5009 913 5080 creditur
939 5017 1081 5080 texta
1107 5008 1269 5063 fuisse
1297 5008 1448 5077 pallii
1473 5008 1596 5080 novi
1643 5023 1771 5073 pon-

192 5076 365 5136 tiﬁcis
390 5099 403 5132 :
435 5081 664 5134 fortasse
691 5078 1024 5134 Christianos
1054 5076 1194 5133 hunc
1223 5076 1426 5133 morem
1469 5079 1769 5143 invexisse,

191 5163 258 5207 ut
289 5152 455 5204 alium
486 5152 912 5219 superstitiosum
935 5151 1211 5205 abolerent
1226 5151 1378 5218 cujus
1407 5150 1648 5202 meminit
1674 5149 1774 5202 Fe-

189 5232 321 5278 stus
359 5222 526 5276 verbo
570 5219 981 5286 Aneooanencs,
1009 5223 1095 5290 qui
1135 5229 1252 5275 erat
1289 5220 1460 5289 pileus
1499 5235 1560 5274 ex
1605 5221 1772 5272 ltostia

190 5295 329 5350 alba
355 5291 474 5347 Jovi
511 5306 651 5345 caesa
683 5291 850 5345 factus
870 5333 884 5353 .
915 5294 996 5346 cui
1028 5292 1345 5360 alligebatur
1387 5305 1521 5359 apex
1555 5291 1772 5358 virgula:

189 5362 488 5432 oleagina.
525 5362 633 5416 Hoc
658 5361 961 5431 albogalero
1005 5362 1248 5416 llainines
1275 5360 1462 5432 diales,
1497 5361 1548 5414 id
1577 5372 1772 5432 estsa-

189 5431 454 5492 cerdotes
474 5432 624 5487 lovis
646 5436 948 5487 utebantur.
971 5433 1235 5487 Caeterum
1260 5448 1384 5486 vera
1414 5431 1629 5485 historia
1660 5431 1772 5485 haec

189 5516 289 5562 est
312 5549 326 5572 ,
357 5503 500 5574 quod
531 5503 744 5570 pallium
791 5504 1247 5571 archiepiscOpale
1291 5503 1570 5574 coniicitur
1591 5520 1620 5556 e
1653 5503 1770 5574 lana

189 5573 467 5647 agnorum
498 5573 895 5647 _candidorum,
939 5576 1031 5647 qui
1071 5573 1400 5647 acanonicis
1442 5573 1771 5647 regularibus

190 5642 394 5702 sancti
423 5644 716 5701 Salvatoris
746 5644 1085 5712 nuncupatis,
1112 5645 1166 5698 in
1189 5644 1276 5699 die
1301 5643 1440 5699 festo
1457 5642 1513 5698 S.
1529 5644 1766 5714 Agnetis,

189 5721 258 5774 in
286 5717 404 5786 eius
418 5717 644 5773 ecclesia
675 5717 754 5770 via
771 5717 1098 5771 Nomentana
1123 5729 1218 5783 pro
1240 5731 1444 5770 canone
1460 5715 1588 5785 (duo
1617 5724 1774 5784 quot-

192 5788 390 5859 annis)
419 5786 651 5844 basilicae
671 5787 1015 5859 Lateranensi
1036 5786 1470 5859 contribuuntur.
1484 5786 1589 5840 Hos
1615 5791 1773 5859 benef

191 5860 343 5915 dicit
370 5857 624 5914 summus
673 5857 948 5927 pontifex,
987 5868 1038 5914 et
1082 5857 1566 5913 sanctimonialium
1619 5858 1774 5911 alicui

193 5929 544 5991 monasterio
571 5930 827 5990 arbitratu
855 5945 950 5988 suo
981 5931 1290 5988 nutriendos
1319 5931 1497 5986 mittit.
1528 5929 1680 5984 Plura
1709 5927 1774 5984 de

1879 4881 1909 4920 a
1943 4865 2109 4933 prima
2153 4878 2336 4926 manu,
2406 4863 2526 4916 Rat.
2581 4863 2632 4916 in
2679 4863 2951 4924 cont‘extu,
2994 4864 3234 4930 habitam,
3285 4866 3459 4921 minus

1879 4933 2036 5006 bene,
2062 4948 2158 5002 pro
2186 4933 2426 4987 habilem.
2459 4934 2605 5006 Rat.,
2649 4933 3087 5002 supra,habilem,
3132 4936 3218 4991 vel
3268 4947 3458 5006 aptam,

1879 5005 2020 5076 quod
2051 5014 2379 5068 postremum
2409 5012 2491 5057 est
2518 5004 2716 5073 glossa.

1954 5075 2040 5129 12.
2069 5076 2188 5149 Rat.
2214 5076 2501 5149 recentiori
2531 5091 2689 5128 manu
2709 5091 2808 5146 pro
2829 5077 2994 5147 impiis
3016 5077 3174 5132 habet
3194 5079 3457 5149 improbis.

1881 5147 2036 5201 Brev.
2075 5147 2235 5211 Moz.,
2259 5146 2426 5213 impii.

1953 5218 2198 5339 15.3%“.
2229 5215 2514 5273 recentiori
2544 5231 2727 5283 manu,
2768 5235 2868 5286 quo
2906 5221 3070 5273 minus
3120 5220 3310 5289 impiis.
3360 5218 3458 5276 Re~

1953 5304 2026 5339 te!
2071 5305 2098 5339 0
2124 5305 2187 5339 18.

1883 5289 1992 5342 line
2013 5289 2187 5343 idolis.

1954 5360 2036 5415 14.
2078 5360 2190 5413 Vat.
2225 5359 2287 5426 Β,
2321 5369 2504 5414 contra
2535 5367 2787 5427 metrum,
2816 5360 3008 5415 addi'a.
3041 5361 3098 5415 In
3137 5361 3255 5415 Rat.
3281 5377 3458 5417 corre-

1878 5440 1992 5484 ctor
2024 5429 2160 5484 idem
2184 5431 2415 5500 ineptus,
2447 5430 2654 5484 addicta
2681 5433 2861 5495 sacris,
2902 5440 2960 5486 ut
2997 5433 3068 5486 sit
3116 5434 3286 5500 impiis
3313 5435 3462 5487 addi-

1877 5512 1957 5554 cta
1980 5517 2159 5554 800'“.

1952 5573 2040 5628 15.
2069 5573 2308 5626 Breviar.
2336 5572 2496 5638 Mum,
2527 5573 2674 5636 binis,
2705 5588 2801 5641 pro
2830 5575 3028 5628 multis.

1951 5645 2037 5697 l6.
2082 5642 2414 5707 Parrhasius,
2435 5644 2708 5701 mendose.
2736 5646 2954 5714 judices.
2990 5645 3141 5698 Brev.
3168 5644 3327 5704 Μοι..
3356 5647 3461 5698 illi-

1883 5716 1955 5769 cis
1983 5731 2001 5768 :
2033 5715 2223 5768 melius
2252 5715 2405 5768 illice.
2424 5714 2538 5768 Non
2561 5715 2734 5770 solum
2773 5716 2824 5770 in
2855 5716 3073 5782 episzola
3097 5715 3462 5783 pseudo-Ani-

1880 5786 2064 5852 brosii,
2107 5785 2201 5838 sed
2242 5786 2401 5840 etiam
2429 5801 2458 5839 a
2489 5785 2546 5840 S.
2576 5784 2806 5840 Maximo
2835 5785 3148 5842 Taurinensi
3190 5795 3460 5851 narratur,

1880 5872 1910 5928 a
1941 5856 2048 5928 lilio
2071 5856 2304 5928 praefecti
2346 5858 2516 5928 ignen
2547 5856 2598 5910 in
2632 5871 2851 5928 uxorem
2879 5859 3186 5928 expetitum.
3220 5855 3352 5911 Hinc
3374 5858 3461 5927 iu-

1882 5927 1983 5984 dex
2016 5927 2158 5983 illam
2193 5926 2458 5984 illecebris
2487 5927 2742 5986 tentabat.

2405 6076 2453 6087 αθ·
