3994 6290
561 368 669 432 585

740 506 1056 579 Corpusque
1075 501 1224 561 duris
1234 497 1631 558 excruciatibus

562 602 635 659 20
743 600 896 658 Ultro
924 597 1207 663 oliorubat,
1234 610 1342 652 non
1369 606 1610 651 renuens
1641 590 1799 647 mori.

743 692 881 750 Tum
906 700 1025 748 trux
1048 699 1343 763 tyrannus:
1371 686 1431 744 Si
1452 685 1609 743 facile
1647 692 1752 750 est,
1780 682 1875 751 ait,

750 786 964 862 1216
997 786 1217 844 Putnam
1242 782 1480 842 subactis
1510 780 1657 837 ferre
1682 775 2014 849 doloribus,_

744 881 813 937 Et
833 880 944 938 vita
969 878 1094 936 vilis
1119 876 1430 949 spernitur:
1459 882 1515 929 at
1559 869 1733 944 pudor

744 975 917 1032 Carus
939 973 1131 1031 dicata
1152 969 1479 1043 virginitatis
1519 974 1624 1023 est.

564 1068 636 1127 25
741 1068 891 1125 Hanc
914 1067 973 1123 in
993 1067 1221 1137 lupanar
1248 1062 1468 1119 trudere
1493 1058 1765 1131 publicum

738 1161 960 1219 Certum
981 1166 1089 1226 est,
1111 1156 1180 1214 ad
1201 1170 1350 1213 aram
1377 1155 1431 1210 ni
1453 1162 1615 1223 caput
1644 1148 1900 1221 applicat,

745 1253 825 1309 Ac
841 1251 909 1308 de
931 1249 1173 1307 Minerva
1205 1247 1317 1318 iam
1348 1245 1561 1302 veniam
1589 1251 1762 1313 rogat,

746 1342 920 1412 Quam
941 1343 1098 1414 virgo
1128 1340 1303 1411 pergit
1331 1347 1572 1394 temnere
1592 1333 1874 1404 virginem.

748 1433 1203 1505 Omnisjuventus
1232 1430 1419 1499 irruat,
1449 1436 1506 1484 et
1534 1439 1731 1483 novum

569 1525 642 1584 50
745 1524 1126 1583 Ludibriorum
1147 1521 1472 1592 mancipium
1504 1525 1673 1589 petat.

748 1617 925 1688 Haud,
958 1616 1130 1688 inquit
1164 1615 1365 1687 Agnes,
1394 1613 1681 1670 immemor
1702 1618 1786 1667 est
1814 1609 1885 1665 ita

1755 352 2032 414 AURELII
2071 347 2441 411 PBUDENTII
2483 348 2812 409 CABMINA.
3743 348 3836 409 εει

2181 475 2237 537 Δ

2434 467 2679 525 Christus
2696 478 2934 535 suorum,
2958 463 3150 537 perdat
3171 472 3227 517 ut
3248 477 3471 519 aureum

2442 563 2610 620 Nobis
2637 562 2922 634 pudorem,
2956 562 3055 616 nus
3077 572 3293 629 quoque
3321 558 3553 614 deserat.

2444 655 2649 712 Praesto
2672 668 2757 711 est
2781 652 3012 726 pudicis,
3036 667 3137 708 nec
3165 652 3363 723 patitur
3391 665 3559 708 sacrae

2264 750 2335 808 55
2448 749 2774 821 Integritatis
2808 761 3032 805 munera
3064 746 3248 816 pollui.

2443 842 2665 898 Ferrum
2688 840 2935 911 impiabis
2960 839 3240 911 sanguine,
3275 840 3320 894 si
3352 839 3494 895 voles
3528 855 3539 892 :

2442 936 2559 991 Non
2589 935 2896 1006 inquinabis
2915 932 3157 990 membra
3183 931 3424 989 libidine.

2448 1030 2657 1103 1217
2713 1028 2802 1086 Sic
2824 1027 3092 1083 elocutam
3120 1026 3403 1097 publicitus
3425 1025 3578 1095 jubet

2447 1121 2617 1177 Flexu
2646 1113 2699 1174 iii
2722 1118 2917 1189 plateae
2935 1119 3128 1189 sistere
3154 1117 3438 1188 virginem.

2269 1212 2339 1269 40
2446 1212 2688 1268 Stantem
2719 1209 2914 1281 refugit
2938 1217 3132 1265 maesta
3156 1208 3471 1278 frequentia,

2450 1307 2652 1363 Aversa
2678 1304 2877 1370 vultus,
2911 1318 2979 1359 ne
3005 1302 3333 1375 petulantius

2449 1402 2739 1471 Quisquam
2771 1399 3065 1456 verendum
3086 1398 3424 1467 conspiceret
3454 1396 3651 1453 locum.

2450 1497 2683 1555 lntendit
2704 1512 2838 1551 unus
2861 1493 3001 1551 forte
3030 1494 3327 1563 procaciter

2454 1591 2668 1664 1218
2684 1590 2758 1645 Os
2785 1589 2840 1644 in
2865 1587 3118 1660 puellam,
3149 1601 3249 1644 nec
3271 1585 3500 1658 trepidat
3528 1598 3725 1642 sacram

1860 1716 2145 1779 GLOSSAE
2181 1696 2523 1771 VETERES.

643 1827 731 1883 19.
759 1823 1188 1892 Excruciatibus,
1231 1824 1413 1892 pinnis,
1444 1822 1484 1877 l.

643 1841 731 1883 su.
761 1841 1188 1892 ωοωοιιιιιυιις,

639 1898 731 1952 21.
761 1897 933 1962 Trux,
964 1912 1188 1952 severus.

640 1968 728 2022 22.
753 1967 1019 2031 Subactis,
1047 1966 1322 2036 superatis,
1357 1964 1396 2018 l.

639 2037 729 2092 24.
765 2038 985 2106 Dicam,
1014 2033 1209 2091 scilicet
1239 2034 1378 2100 Deo,
1409 2033 1449 2106 l.
1527 2105 1532 2106 γ
1565 2098 1589 2106 ί,

572 2152 577 2161 .
639 2110 731 2164 25.
756 2101 1026 2177 ιυρεηειί,
1050 2108 1240 2160 dicitur
1261 2123 1292 2158 a
1323 2105 1458 2177 lupis
1477 2145 1491 2169 ,
1517 2105 1573 2177 id
1584 2101 1589 2105 ’
1621 2114 1715 2177 est,
1774 2101 2163 2177 meretricibus;

568 2181 690 2251 quia
717 2171 853 2233 sicut
867 2178 977 2247 lupi
999 2171 1240 2231 devorant
1264 2171 1514 2251 praedam,
1532 2176 1605 2228 sic
1631 2176 1738 2231 an'
1758 2174 2049 2251 avidiasime
2071 2171 2164 2223 de-

570 2242 751 2306 vorant
774 2242 1027 2303 amatores
1045 2264 1185 2302 suos.
1215 2242 1284 2287 -—1
1308 2245 1570 2311 Trudere,
1598 2262 1691 2315 pro
1719 2245 1878 2310 trudi,
1908 2242 1946 2296 l.

641 2321 733 2376 26.
761 2320 1030 2389 Applicat,
1053 2319 1289 2381 inclinat,
1323 2318 1360 2372 Ι.

641 2391 733 2447 28.
763 2391 1051 2454 Temnere,
1080 2389 1352 2458 despicere,
1379 2388 1422 2447 Ι,

641 2462 733 2517 29.
761 2461 954 2525 lrruat,
972 2484 975 2487 λ
996 2476 1109 2514 cum
1135 2460 1327 2529 impetu
1364 2460 1548 2522 veniat,
1575 2458 1618 2512 l.

643 2533 731 2590 50.
760 2522 1105 2601 Mancipium,
1134 2522 1467 2599 mancipium,
1494 2530 1642 2600 quasi
1668 2544 1823 2582 manu
1844 2534 2047 2597 captum
2065 2569 2078 2589 ,
2107 2522 2149 2579 1.

2198 1819 2250 1880 Β
2286 1802 2291 1805 ’
2343 1809 2433 1880 52.
2465 1800 3085 1880 ᾼιιιθιιιιιηιιοὺίρειζιηι.

2344 1879 2433 1934 55.
2466 1874 2811 1945 Integritatis,
2842 1872 3167 1945 virginitatis,
3195 1870 3235 1925 l.

2344 1951 2432 2006 56.
2463 1942 2735 2017 Impiabis,
2770 1943 3077 2017 maculabis,
3098 1942 3138 1997 l.

2342 2023 2432 2079 58.
2461 2011 2781 2083 Publicitus,
2816 2013 3037 2082 publice,
3068 2012 3357 2083 manifeste,
3391 2011 3428 2065 I.

2270 2116 2277 2129 ν
2343 2094 2432 2148 59.
2462 2090 2651 2151 Flexu,
2685 2088 2740 2142 in
2764 2080 2977 2156 platea,
3013 2085 3066 2139 in
3094 2080 3222 2146 via,‘
3250 2084 3301 2137 iu
3325 2083 3492 2139 biviis.
3524 2109 3594 2122 —
3639 2080 3823 2148 Sistere.

2271 2172 2605 2236 prazsentare,
2637 2160 2677 2214 l.

2341 2236 2433 2291 40.
2493 2232 2838 2298 Frequentta,
2863 2225 3163 2291 multitudo,
3196 2226 3235 2281 l.

2340 2306 2431 2360 42.
2466 2297 2790 2364 Verendum,
2816 2299 3190 2371 pudibundum,
3233 2297 3379 2371 Rat;

2339 2376 2429 2431 45.
2456 2374 2639 2442 Forte,
2668 2364 2914 2426 casuf—
2938 2370 3262 2436 Procaciter,
3316 2369 3662 2433 irreverenter,
3699 2364 3823 2420 laxu-

2273 2450 2425 2511 riose,
2460 2447 2498 2499 Ι.

2345 2519 2433 2572 44.
2466 2516 2558 2577 Os,
2584 2514 2784 2585 faciem,
2816 2513 2859 2568 l.

1928 2608 2484 2674 COMMENTARIUS.

576 2748 581 2753 -
646 2719 735 2776 19.
765 2703 1165 2790 Inouibusdam
1188 2715 1354 2790 vu_lg.,
1378 2714 1729 2790 exercitatibus
1760 2730 1776 2768 :
1801 2714 1852 2767 in
1909 2711 2163 2790 aliis__ea:-

572 2781 935 2849 cruciantibus.
968 2781 1351 2857 Corrigendum
1396 2786 1615 2842 omnino
1654 2793 1735 2839 est
1769 2781 2157 2857 excruciatibus.

640 2862 732 2919 21.
780 2860 936 2916 Brev.
982 2855 1166 2925 Mozi,
1218 2868 1334 2912 tunc
1372 2867 1520 2913 atrox
1568 2866 1862 2926 tyrannus:
1891 2855 2010 2925 lege
2059 2862 2163 2905 tum

577 2944 731 3065 mg.
769 3001 1020 3059 Nonnulli
1042 3002 1211 3072 vulg.,
1242 3009 1331 3055 aut
1360 3001 1544 3073 pudgr,
1572 3015 1677 3056 non
1707 3008 1874 3073 recte.
1919 2984 2159 3073 Breviar'.

571 3076 733 3202 Mos"
764 3086 1034 3199 corrupte,
1052 3081 1105 3127 at
1130 3067 1296 3143 pudor
1323 3067 1433 3144 ejus
1457 3067 1650 3127 Dicata:
1670 3068 1973 3143 virginitatis
2000 3067 2165 3133 impe-

572 3158 653 3206 ten
694 3164 754 3203 us
780 3164 834 3202 es
863 3187 875 3201 .

2270 2720 2336 2761 ex
2365 2706 2532 2774 ﬂexus
2555 2699 2751 2774 factum
2776 2696 3144 2774 ﬂexu.Pra_g.,
3175 2696 3291 2774 Vat.
3327 2697 3580 2774 Q,_t_nale
3604 2699 3752 2774 ﬂeres
3786 2699 3827 2774 is

2270 2767 2470 2848 platew.
2506 2772 2653 2848 Ald_._,
2687 2767 2839 2848 vetus
2854 2772 3022 2848 codex
3053 2767 3367 2848 ineditione
3391 2767 3591 2848 Weitz.
3620 2768 3747 2848 apud
3770 2770 3827 2824 cl.

2272 2838 2555 2917 praesulem
2606 2838 2885 2917 Beggium,
2942 2844 3081 2917 flexu
3114 2842 3168 2917 in
3220 2842 3441 2917 plateas.
3486 2838 3827 2917 _Brea.,_¥o_s.,

2271 2911 2463 2988 ﬂexam
2491 2916 2545 2969 in
2573 2911 2788 2988 plateas.
2809 2914 3005 2988 Verior
3031 2912 3190 2988 lectio
3207 2911 3347 2982 ﬂexu
3365 2913 3422 2988 in
3440 2912 3638 2979 plateis.
3671 2911 3745 2988 l_so
3766 2911 3830 2965 in-

2272 2980 2601 3058 terpretatur
2628 2986 2683 3039 in
2717 2985 2881 3050 bivio,
2912 2984 2965 3038 in
2990 2999 3095 3053 quo
3132 2980 3692 3058 lupanaria‘canstrui
3733 2987 3830 3058 mos

2273 3048 2409 3115 era't.
2454 3059 2675 3113 Miratur
2702 3048 3116 3110 Peveratus'cur
3141 3048 3249 3109 non
3270 3054 3467 3109 dixerit
3484 3056 3623 3123 ﬂexu
3648 3053 3697 3104 in
3718 3048 3830 3123 {hes-

2274 3132 2339 3185 tri
2362 3147 2380 3184 :
2407 3129 2671 3198 siquidem
2691 3127 2924 3182 fornices
2943 3126 3018 3198 illi
3040 3135 3198 3181 erant
3217 3127 3270 3180 in
3296 3130 3444 3180 circo
3464 3121 3690 3198 agonali.
3715 3121 3832 3177 Con-

642 3194 752 3273 ξίί
781 3194 974 3285 ἷιοξιεη
1010 3214 1179 3268 clarus
1209 3229 1227 3268 :
1255 3214 1370 3283 lege
1424 3230 1594 3269 carus.
1622 3211 1964 3285 Parrhasius,
1992 3210 2170 3285 minus
2194 3197 2242 3262 ϐ
2271 3212 2379 3257 stat
2404 3194 2610 3273 publica
2637 3207 2812 3281 scorta
2827 3194 3832 3285 “innfornicibusEspectacularumtns-

575 3304 735 3354 bene,
762 3283 946 3342 dicatae
963 3283 1244 3355 virginitati
1269 3288 1385 3340 erit.
1414 3284 1552 3339 Olim
1578 3285 1811 3355 virgines
1832 3283 2162 3336 Christianas

571 3376 603 3417 ι
632 3359 834 3417 teneris
871 3356 1025 3411 annis
1075 3354 1430 3425 virginitatem
1482 3355 1594 3410 Deo
1639 3354 2003 3419 consecrasse,
2051 3363 2161 3407 tum

571 3447 640 3488 ex
670 3433 773 3501 hoc
802 3429 1022 3501 hymno,
1056 3435 1167 3480 tum
1196 3441 1268 3501 ex_
1291 3427 1411 3480 aliis
1442 3426 1799 3501 monumentis
1825 3425 2029 3501 liquida
2067 3437 2160 3501 pa-

572 3510 671 3559 tet.
704 3493 1062 3555 Tertullianus
1089 3496 1304 3567 egregie
1348 3497 1628 3567 Apologet.
1661 3510 1778 3566 cap.
1821 3494 1891 3550 50
1927 3513 1938 3547 :
1974 3493 2164 3567 Prosit

573 3590 652 3629 me
677 3572 744 3627 ad
764 3572 993 3625 lenonem
1019 3563 1309 3622 damnando
1355 3563 1695 3622 Christianam
1726 3563 1891 3636 potius
1923 3581 2075 3635 quam
2094 3563 2163 3618 ad

572 3642 790 3710 leonem,
817 3639 1037 3712 confessi
1073 3639 1211 3702 estis,
1235 3637 1397 3712 labem
1426 3639 1686 3709 pudicitia:
1727 3636 1866 3712 apud
1906 3652 1999 3691 nos
2024 3646 2163 3691 atro-

571 3716 759 3770 ciorem
779 3709 924 3768 omni
946 3725 1095 3783 poma
1123 3717 1172 3762 et
1196 3710 1334 3783 omni
1358 3719 1519 3764 morte
1546 3709 1794 3783 reputari.

638 3785 729 3841 25.
758 3785 814 3840 ln
847 3780 1212 3852 hoc‘lupanari
1237 3791 1469 3852 erectam
1499 3795 1643 3835 nunc
1681 3781 1736 3835 S.
1788 3781 2014 3851 Agnetis
2041 3794 2163 3836 esse

569 3856 878 3920 ecclesiam,
909 3850 1115 3909 dixi‘ad
1148 3866 1286 3907 vers.
1346 3853 1400 3906 5.
1431 3850 1514 3906 Cl.
1544 3850 1927 3908 Cancellierius
1972 3853 2024 3905 in
2064 3865 2162 3905 suo

572 3942 733 3993 opere
784 3927 853 3982 de
906 3922 1118 3981 Sacello
1170 3923 1466 3992 pontilicio,
1518 3939 1638 3993 pug.
1696 3924 1818 3989 152,
1880 3923 2162 3992 pollicetur

571 3993 714 4054 aliud
747 3999 819 4051 ita
849 3994 1159 4065 inscriptum
1193 4012 1205 4047 :
1243 3994 1568 4048 Descrizione
1597 3994 1678 4048 del
1707 3994 1842 4048 circo
1872 3993 2112 4065 agonale,
2136 4011 2165 4049 e

470 4102 473 4107 ›
574 4069 713 4125 della
733 4069 902 4123 chiesa
925 4065 979 4118 di
1010 4064 1077 4134 S.
1107 4065 1304 4132 Agnese
1323 4067 1386 4118 ivi
1417 4074 1577 4118 eretta
1621 4081 1716 4118 con
1762 4083 1831 4119 un
1880 4064 2163 4134 appendice

575 4140 629 4193 di
655 4136 941 4193 documenti
963 4132 1096 4204 degli
1127 4135 1233 4187 Atti
1253 4135 1336 4188 del
1362 4136 1615 4200 martirio,
1664 4150 1691 4189 e
1719 4135 1852 4190 delle
1881 4132 2051 4189 omilie
2081 4134 2159 4191 de‘

576 4208 684 4265 SS.
720 4206 882 4261 Padri
910 4206 963 4259 in
980 4218 1132 4259 onore
1153 4204 1287 4258 della
1315 4206 1590 4260 medesima
1629 4204 1691 4261 V.
1716 4223 1742 4259 e
1773 4206 1850 4260 M.

580 4300 590 4317 -
645 4279 735 4335 26.
771 4278 826 4333 ln
859 4278 988 4348 Mar1
1036 4273 1372 4331 desideratur
1426 4285 1517 4331 est.
1557 4276 1743 4343 Fabr.,
1801 4278 1940 4341 Gis.,
1978 4276 2159 4348 Prag.,

577 4349 722 4417 Bat.,
756 4349 909 4405 Brev.
941 4345 1100 4408 Moz.,
1124 4348 1366 4416 applicet,
1388 4356 1443 4402 et
1472 4362 1615 4403 vers.
1661 4364 1776 4419 seq.
1799 4357 1961 4419 roget.
1994 4345 2165 4403 Pleri-

577 4436 684 4493 que
705 4436 824 4476 cum
848 4420 1007 4483 Aldo,
1031 4418 1279 4493 applicat,
1303 4427 1499 4493 rogat._
1522 4418 1747 4493 Ethnici
1779 4418 2002 4476 deorum
2032 4434 2160 4475 suo-

575 4486 695 4549 rum
722 4502 924 4547 statuas
952 4486 1246 4557 amplexari
1275 4498 1330 4547 et
1354 4486 1584 4544 osculari
1606 4490 1873 4545 solebant.

652 4560 1969 4653 27.-Weligaiasnmendutnnlﬁgmondauiexprimere
2000 4562 2164 4645 voluit
2190 4590 2244 4653 Β

578 4632 843 4718 Menerva.
858 4633 998 4718 idem
1011 4628 1271 4718 VVeitzius
1286 4628 1600 4718 Fabricio-et
1615 4628 1852 4688 Gise'lino
1864 4634 2067 4704 attingit
2083 4650 2165 4688 re-

577 4709 672 4780 git,
705 4707 759 4760 in
827 4706 979 4761 uibus
1016 4712 1100 4758 est
1119 4720 1176 4758 ro
1214 4712 1259 4756 et
1288 4711 1568 4772 prorogat.

609 4847 623 4859 _
648 4776 739 4859 29.
789 4720 938 4859 alia.
971 4775 1033 4841 Β,
1054 4773 1116 4859 ﬁ,
1145 4720 1364 4859 \z’eit‘zp
1396 4770 1534 4859 Gis.,
1573 4771 1764 4855 'l‘orn.,
1804 4777 2008 4859 irruat;
2042 4775 2166 4830 Par-

578 4847 816 4913 rhasius,
847 4846 1004 4902 Brev.
1058 4847 1220 4911 Moz.,
1272 4846 1426 4898 Alex.
1455 4858 1482 4897 a
1516 4844 1687 4913 prima
1736 4861 1917 4915 manu,
1950 4846 2164 4915 (Iliam,

578 4919 756 4974 irruet.
788 4916 1009 4972 Plurimi
1036 4917 1126 4973 alii
1152 4916 1352 4971 habent
1378 4916 1528 4969 irruit
1551 4931 1672 4971 cum
1701 4918 1856 4980 Aldo.

649 4991 737 5046 50.
770 4987 970 5045 Eadem
998 4989 1235 5061 occurrit
1258 4989 1505 5061 varietag
1517 4996 1686 5061 petat,
1711 4999 1866 5061 petet,
1903 4998 1957 5045 et
1985 4992 2130 5061 petit.

651 5061 740 5115 56.
773 5061 930 5134 Brev.
961 5060 1125 5129 Mos"
1155 5068 1432 5129 corrupte,
1457 5054 1639 5123 Ferro,
1669 5054 1827 5133 impia
1846 5054 2062 5129 soboles,
2080 5080 2171 5134 po-

580 5141 653 5188 tes
672 5133 874 5186 servire.

654 5202 742 5258 58.
776 5203 987 5276 Ambr.,
1014 5203 1194 5276 iubent
1228 5219 1247 5258 :
1294 5200 1681 5276 melius__jubet-.
1735 5204 1981 5261 lnnuitur
2030 5221 2169 5275 mos,

578 5288 737 5344 quem
776 5272 1319 5343 pseudo-Ambrosius
1371 5272 1611 5342 explicat
1661 5292 1673 5330 :
1725 5276 1915 5331 Adluec
1958 5272 2172 5332 insanus

580 5556 673 5630 bus
698 5558 893 5630 datam.
928 5556 1059 5614 Vide
1084 5573 1170 5627 ep.
1195 5561 1221 5614 1
1257 5556 1396 5614 inter
1424 5570 1730 5630 segregatas
1768 5576 1796 5614 a
1828 5556 2100 5617 Maurinis.

654 5628 744 5704 59.
761 5628 1096 5704 Burmannus
1111 5630 1379 5704 secundus
1399 5628 1715 5704 in_Addend.
1739 5633 1804 5687 ad
1817 5631 2033 5701 Claud.,
2052 5648 2173 5704 pag.

586 5697 743 5780 1012,
760 5715 792 5756 e
811 5696 1016 5780 duobus
1035 5702 1270 5773 antiquis
1287 5703 1436 5757 libris
1458 5702 1843 5780 Leodiensibus
1862 5704 2004 5780 ‘legit
2019 5696 2169 5780 )‘l'ugr'tt

586 5769 641 5855 in
666 5760 867 5855 plit‘t'ate,
896 5781 951 5855 at
979 5760 1362 5855 interpretatur
1382 5773 1689 5855 conﬁnium
1722 5760 1898 5855 populi
1929 5760 2168 5855 ἵκει-Ῥιξ-

586 5791 641 5825 ut
666 5791 867 5855 ptatete,
896 5791 951 5829 et
979 5791 1362 5856 interpretatur
1382 5791 1689 5830 conuuxum
1722 5791 1898 5844 pepuli
1931 5791 2026 5846 per
2093 5791 2165 5831 ta-

574 5848 720 5901 tces.
742 5841 876 5901 Vide
898 5844 1137 5903 Gronov.
1170 5844 1236 5903 ad
1258 5845 1401 5919 Lm,
1422 5858 1542 5915 pag.
1573 5847 1699 5902 545.
1730 5847 1787 5902 ln
1804 5847 1937 5903 Mar.
1962 5856 2015 5903 et
2044 5791 2165 5904 Rat.

580 5345 736 5420 iudex
749 5346 906 5417 jussit
950 5362 1061 5420 eam
1084 5346 1384 5420 exspoliari,
1403 5354 1460 5420 .e_t
1489 5345 1683 5399 nudam
1709 5347 1777 5401 ad
1808 5348 2030 5420 lupanar
2054 5351 2173 5403 duci

579 5415 674 5471 sub
696 5415 1083 5499 praeconis
1120 5415 1385 5499 diecntis‘:
1413 5416 1655 5499 Agnetem
1685 5418 1985 5499 sacrilegam
2018 5421 2175 5499 virgi-

581 5502 731 5559 nem,
748 5486 848 5542 diis
877 5489 1244 5559 blasphemiam
1267 5488 1584 5558 inferentem,
1636 5486 1878 5544 scortum
1906 5486 2172 5558 lupanari-

2272 3265 2803 3329 nere'consuevisse.
2827 3268 2883 3324 S.
2902 3267 3221 3339 Cyprianus,
3249 3269 3371 3322 sive
3398 3265 3521 3335 quis
3547 3266 3677 3320 alius
3700 3273 3831 3339 vetus

2268 3345 2520 3413 scriptor,
2538 3342 2630 3396 lib.
2646 3342 2714 3396 de
2730 3336 3016 3413 SpectacJ:
3039 3339 3101 3395 Si
3129 3354 3335 3413 rursum
3365 3353 3643 3413 perrogant,
3666 3350 3755 3407 quo
3772 3336 3830 3413 ad

2268 3405 2398 3470 illud
2416 3405 2763 3486 spectaculum
2773 3405 2970 3486 'itianere
2993 3410 3272 3486 pervenerit
3289 3454 3303 3475 ,
3336 3405 3653 3478 conﬁtebitur
3766 3405 3833 3486 lit-

2270 3476 2566 3557 panarium,
2590 3501 2678 3553 per
2700 3476 3089 3557 prostitutarum
3113 3482 3251 3535 nuda
3270 3476 3605 3557 corpora"...
3620 3478 3697 3545 qui
3711 3476 3831 3545 {esti-

2268 3551 2396 3612 nans
2425 3558 2494 3611 ad
2522 3551 2893 3626 spectaculum,
2936 3553 3178 3626 dimissus
3198 3561 3245 3606 et
3272 3551 3449 3626 adhuc
3468 3566 3643 3622 gerens
3662 3563 3827 3626 secarit,

2267 3636 2324 3682 ut
2351 3621 2561 3691 assolet,
2590 3626 2949 3681 eucharistiam
2972 3625 3103 3677 inter
3137 3638 3351 3693 corpora
3397 3621 3616 3693 obscena
3635 3621 3831 3693 meretri-

2267 3715 2381 3753 cum
2413 3701 2549 3754 tulit.
2582 3697 2715 3752 Cum
2748 3707 2927 3751 autem
2972 3704 3157 3765 postea
3192 3691 3441 3749 occurrat
3490 3692 3648 3748 etiam
3676 3691 3831 3759 platea

2276 3785 2419 3825 vers.
2451 3769 2545 3834 49,
2571 3766 2909 3823 retinendum
2931 3778 3011 3821 est
3035 3768 3173 3835 ﬂexu
3216 3766 3267 3818 in
3304 3765 3488 3835 platea.-
3507 3777 3531 3828 ,°
3550 3772 3625 3831 et,
3654 3771 3707 3816 ut
3747 3774 3830 3833 ego

2268 3850 2419 3909 puto,
2466 3840 2634 3895 ﬂexus
2678 3839 2866 3908 platea:
2914 3838 3088 3892 solum
3125 3835 3326 3909 indicat
3353 3836 3707 3909 angiportum,
3755 3842 3830 3909 aut

2269 3907 2443 3966 vicum
2476 3907 2757 3981 angustum
2788 3919 2841 3963 et
2864 3909 3188 3981 ﬂexuosum,
3214 3907 3280 3961 ad
3322 3923 3543 3981 quem_e
3574 3907 3735 3971 platea
3759 3907 3828 3961 iu-

2267 3997 2487 4050 gressus
2516 3977 2679 4036 esset.
2713 3981 2997 4035 Petronius
3024 3978 3094 4033 de
3121 3978 3388 4050 Lupanari
3420 3995 3438 4050 ς
3469 3977 3575 4032 Per
3598 3982 3828 4047 anfractus

2266 4048 2448 4177 gaude
2476 4052 2862 4110 obscurissimos
2891 4065 3124 4121 egressus
3151 4049 3206 4103 in
3247 4050 3385 4104 hunc
3422 4048 3590 4104 locum
3624 4064 3698 4103 me
3728 4065 3828 4120 per-

2307 4140 2394 4177 uxt
2422 4162 2436 4177 .

2307 4135 2415 4178 uxtt
2422 4162 2436 4177 ο

2337 4197 2425 4251 40.
2486 4193 2604 4250 Vat.
2639 4194 2697 4260 Β,
2732 4193 2888 4261 Man,
2912 4202 3161 4261 stantum,
3189 4191 3367 4248 minus
3397 4191 3566 4257 bene;
3598 4190 3825 4254 llailsbr.,

2266 4266 2429 4332 male,
2457 4274 2665 4321 statum.
2700 4266 2931 4321 Verbum
2966 4267 3238 4335 proprium
3269 4274 3351 4318 est
3380 4276 3519 4318 stare
3543 4264 3612 4319 de
3646 4263 3830 4319 feminis

2307 4337 2586 4402 rosdtutis,
2614 4352 2731 4406 qum
2753 4347 2878 4392 ante
2910 4335 3142 4391 fornices
3164 4344 3404 4406 quaestus
3425 4335 3598 4404 gratia
3624 4336 3828 4406 stalntnt.

2318 4409 2401 4463 inc
2431 4404 2763 4463 meritoi'ium
2787 4408 2961 4475 ipsum
2976 4404 3556 4470 stabulumdicebatur,
3582 4413 3636 4459 et
3659 4421 3687 4459 a
3713 4404 3830 4475 Ter-
3930 4426 3937 4435 ο

2268 4481 2487 4534 tulliano
2511 4473 2820 4547 appellatur
2842 4479 2934 4533 lib.
2969 4494 3005 4532 ιι
3034 4477 3103 4532 ad
3131 4477 3363 4532 Uxorem
3396 4477 3746 4531 consistorium
3779 4473 3831 4527 li-

2268 4549 2496 4605 bidinum
2524 4548 2845 4619 publicarum
2877 4565 2895 4604 :
2928 4550 3056 4618 ipsa:
3099 4548 3413 4607 meretrices
3463 4548 3752 4619 prostitutae,
3787 4551 3832 4619 et

2271 4613 2550 4693 prostibula
2603 4621 2908 4676 audiebant.
2948 4613 3361 4693 'Horatius.r_sat.
3420 4613 3472 4688 1,
3531 4613 3833 4693 Nullamnisi

2271 4689 2428 4746 olenti
2457 4693 2509 4745 in
2532 4693 2721 4761 fornice
2749 4702 2987 4746 stantem.
3025 4693 3078 4746 in
3131 4706 3167 4744 ιι
3215 4690 3573 4746 Controvers.
3619 4689 3830 4751 Seneca,

2274 4761 2522 4818 Meretrix
2542 4775 2720 4817 vocata
2746 4780 2822 4829 es,
2854 4764 2907 4817 in
2936 4761 3196 4816 communi
3224 4762 3335 4815 loco
3365 4762 3573 4817 stetisti.

2345 4833 2434 4889 41.
2465 4833 2584 4887 Vat.
2614 4835 2680 4900 A,
2715 4824 2893 4903 Egm.,
2921 4834 3057 4901 PaL,
3087 4832 3334 4898 adversa;
3356 4833 3472 4901 alii,
3496 4846 3695 4899 abusa,
3716 4824 3834 4901 quod

2274 4906 2610 4961 retinendum
2638 4916 2738 4961 est.

2343 4976 2434 5032 42.
2469 4976 2765 5031 Peveratus
2808 4976 3048 5047 exponit,
3080 4975 3174 5029 hoc
3196 4983 3271 5030 est
3325 4973 3591 5047 templum.
3639 4972 3709 5027 Ita
3740 4968 3837 5041 qui-

2275 5046 2396 5102 dem
2421 5049 2497 5101 ait
2519 5050 2774 5103 Damasus
2806 5049 2858 5101 in
2882 5046 3128 5101 versibus
3154 5061 3290 5116 quos
3316 5055 3438 5116 post
3458 5046 3711 5116 hymnum
3734 5055 3837 5111 pro~

2277 5118 2443 5173 feram
2467 5134 2480 5183 ;
2506 5122 2601 5186 sed
2629 5119 2728 5173 alia
2761 5118 3117 5188 explicatione
3145 5132 3282 5186 opus
3304 5126 3409 5173 est.
3432 5116 3678 5172 Barthius
3713 5116 3839 5188 uolat

2279 5189 2372 5245 lib.
2404 5205 2517 5255 vui,
2558 5183 2676 5260 cap.
2712 5189 2801 5255 19,
2835 5183 2989 5244 locos
3018 5183 3303 5260 mulierum
3340 5188 3394 5243 in
3433 5188 3590 5260 libris
3628 5183 3838 5242 medico-

2278 5276 2394 5315 rum
2446 5257 2695 5329 genitalia
2754 5263 2995 5316 membra
3040 5257 3341 5329 designare,
3395 5260 3472 5315 uti
3524 5259 3683 5313 etiam
3722 5264 3843 5329 sape

2277 5331 2414 5401 apud
2426 5325 2960 5401 Columellam.Quod
2973 5325 3284 5401 autemcap.
3302 5331 3336 5388 5
3349 5330 3542 5385 lib.cit.
3559 5344 3625 5385 ex
3639 5325 3844 5401 hoc_loeo

2280 5397 2459 5469 infert,
2483 5403 2626 5474 quod
2648 5404 2774 5458 dum
2801 5397 3087 5474 publicitus
3109 5397 3266 5457 nudae
3283 5402 3543 5474 mulieres
3562 5397 3845 5474 prostabaut

2278 5475 2429 5543 (sive
2447 5463 2926 5540 Cliristianzfsive
2977 5474 3146 5543 alite),
3175 5473 3494 5529 avertebant
3538 5463 3721 5526 oculos
3769 5463 3845 5535 qui

2278 5544 2517 5612 aderant,
2577 5561 2783 5602 morum
2832 5546 3181 5616 pristinorum
3217 5545 3543 5616 reverentia,
3590 5555 3692 5597 non
3738 5545 3846 5605 pulo

2280 5617 2527 5688 universe
2557 5632 2742 5671 verum
2779 5635 2791 5670 :
2818 5615 2944 5674 nam
2973 5617 3024 5672 id
3062 5618 3113 5673 in
3146 5618 3353 5688 Agnete
3373 5615 3553 5688 veluti
3588 5628 3652 5688 ex
3705 5622 3847 5688 pega-

2281 5686 2397 5741 liari
2422 5686 2512 5743 Dei
2553 5688 2886 5758 providentia
2935 5678 3221 5744 narratur:
3246 5686 3401 5754 Quod
3436 5687 3505 5742 de
3534 5684 3658 5739 locis
3680 5678 3848 5758 mulie-

2276 5774 2394 5812 rum
2418 5748 2569 5826 dicit;
2592 5762 2821 5829 graviori
2848 5760 3082 5816 Lucretii
3109 5748 3419 5815 testimonio
3469 5766 3649 5829 posset
3669 5748 3847 5808 conﬁt-

2277 5830 2428 5886 mari.
2466 5831 2595 5886 Vide
2618 5829 2813 5889 Gifanii
2849 5831 3080 5889 indicem
3110 5832 3165 5888 in
3185 5830 3329 5888 Loca
3351 5840 3407 5888 et
3422 5829 3572 5886 Lucr.
3736 5844 3747 5853 ‘
