3994 6290
202 358 300 419 sas
1011 344 1026 356 ’
1311 371 1874 432 rsmsrspnsnuu
1915 375 2126 435 unm.
2170 378 2305 436 xw.

1799 491 1855 552 Α

201 476 264 533 45
371 477 625 548 Spectare
646 480 869 538 formam
903 482 1102 540 lumine
1129 482 1354 540 lubrico.

370 568 452 624 En
472 571 586 628 ales
623 572 760 642 ignis
789 574 1027 632 fulminis
1049 575 1103 632 in
1127 576 1344 633 modum

369 659 619 719 Vibratur
646 665 862 734 ardens,
907 675 1068 736 atque
1095 668 1281 724 oculos
1307 669 1427 726 ierit
1455 689 1467 725 :

374 753 562 810 Caecus
588 771 814 815 corusco
853 761 1055 818 lumine
1083 766 1312 829 corruit,

374 846 547 918 Atque
577 848 628 904 in
657 849 848 920 plateae
867 854 1086 924 pulvere
1113 857 1356 926 palpitat.

196 945 259 1000 50
367 942 587 998 Tollunt
617 941 832 998 sodales
858 946 1183 1002 seminecem
1206 947 1344 1012 solo,

368 1031 664 1102 Verbisque
692 1032 896 1090 deﬂent
928 1037 1347 1107 exsequialibus.

387 1124 496 1178 Ibat
524 1123 860 1195 triumphans
891 1127 1062 1198 virgo,
1116 1129 1284 1185 Deum
1331 1130 1562 1198 Patrem,

375 1215 755 1287 Christumque
781 1231 934 1274 sacro
981 1219 1221 1277 carmine
1249 1223 1559 1289 concinens,

365 1307 518 1376 Quod
545 1309 646 1365 sub
669 1307 881 1378 profani
901 1310 1021 1367 labe
1046 1312 1270 1382 periculi

197 1398 259 1454 55
367 1399 586 1454 Castum
613 1400 860 1471 lupanar,
884 1416 985 1458 nec
1015 1403 1265 1459 violabile

375 1491 606 1561 Experta
634 1495 824 1550 victrix
851 1497 1126 1566 virginitas
1155 1497 1311 1555 foret.

367 1585 504 1640 Sunt
525 1584 616 1656 qui
644 1593 883 1656 rogatam
916 1588 1219 1644 rettulerint
1249 1606 1434 1661 preces

367 1673 590 1731 Fudisse
608 1672 847 1743 Christo,
869 1675 1121 1734 redderet
1141 1690 1199 1734 ut
1221 1697 1314 1738 reo

376 1769 587 1840 1219
628 1767 826 1824 Lucem
867 1769 1065 1840 jacenti
1101 1789 1113 1826 :
1169 1782 1278 1829 tum
1335 1776 1516 1845 juveni
1551 1779 1769 1856 halitum

196 1859 259 1916 σο
309 1909 318 1917 .
445 1859 578 1916 Vita:
599 1861 909 1918 innovatum
941 1863 1143 1922 visibus
1173 1865 1412 1940 integris.

1801 1870 1849 1930 Β

3354 387 3456 456 510

2126 492 2363 548 Primum
2392 492 2487 550 sed
2516 493 2697 566 Agnes
2723 495 2867 552 hunc
2894 495 3078 554 habuit
3107 498 3326 570 gradum

2130 585 2375 641 Ctelestis
2404 585 2558 658 aulai,
2591 601 2716 642 mox
2745 588 2882 643 alius
2907 589 3082 646 datur.
3341 581 3347 584 ’

2135 671 2408 736 Ascensus
2433 679 2564 735 iram
2594 694 2716 735 nam
2735 680 2894 738 furor
2919 683 3105 739 incitat

2130 768 2312 825 llostis
2336 769 2564 825 cruenti.
2608 771 2823 838 Vincor,
2856 773 2930 828 ait
2949 790 3201 844 gemens,

1883 857 1952 914 65
2137 859 2178 924 l,
2208 859 2410 931 stringe
2439 861 2659 925 ferrum,
2691 862 2866 929 miles,
2896 872 2952 919 et
2973 880 3134 923 exere

2129 950 2400 1020 Praecpta
2428 954 2619 1008 summi
2651 955 2794 1024 regia
2828 955 3101 1027 principis.

2131 1041 2201 1097 lit
2227 1041 2363 1098 vidit
2389 1049 2570 1112 Agnes
2595 1054 2739 1102 stare
2769 1056 2974 1104 trucem
3005 1052 3174 1112 virum

2130 1133 2380 1190 Macrone
2411 1135 2574 1201 nudo,
2601 1137 2772 1192 laetior
2800 1138 2915 1195 lucc
2935 1142 3044 1196 ait:

1961 1279 1964 1282 ,
2133 1229 2379 1296 Exsulto,
2407 1229 2528 1286 talis
2557 1232 2697 1300 quod
2730 1237 2906 1302 potius
2935 1237 3076 1290 venit

1882 1322 1948 1376 70
2133 1325 2344 1396 1220
2367 1323 2624 1389 Vesanus,
2654 1335 2829 1392 atrox,
2857 1329 3118 1394 turbidus,
3147 1331 3396 1402 armiger,
3491 1360 3498 1367 -

2127 1415 2296 1482 Quam
2327 1415 2372 1469 si
2403 1415 2612 1472 veniret
2642 1417 2942 1486 languidus,
2971 1434 3034 1475 ac
3065 1429 3234 1489 tener,

2135 1505 2412 1576 Mollisque
2431 1507 2668 1576 ephebus
2693 1509 2888 1565 tinctus
2915 1522 3178 1573 aromate,

2130 1600 2226 1666 jSi
2261 1614 2346 1653 me
2372 1599 2592 1668 pudoris
2624 1599 2808 1655 funere
2835 1601 3098 1670 perderet.
3142 1612 3150 1622 '

2129 1691 2246 1758 llic,
2270 1692 2358 1746 hic
2381 1701 2589 1747 amator
2613 1691 2746 1760 jam,
2779 1693 2966 1759 fateor,
3001 1695 3168 1761 placet
3205 1714 3214 1747 :

1881 1784 1950 1838 75
2129 1781 2218 1838 Ibo
2245 1783 2495 1839 irruentis
2521 1783 2790 1852 gressibus
2812 1784 3042 1848 obviam,

1538 1994 1825 2052 GLOSSJE
1868 1995 2201 2053 VETERES.

259 2098 350 2169 46.
381 2099 460 2155 En
489 2099 623 2168 ales,
647 2118 759 2158 ecce
785 2105 950 2169 uelox,
985 2104 1024 2160 1.
1757 2148 1776 2156 -

258 2168 351 2245 50.
373 2171 610 2245 Tollunt,
638 2173 855 2245 elevant.
880 2168 948 2216 -ὲ
977 2175 1220 2231 Sodales.
1254 2175 1472 2231 Sodnles
1512 2177 1775 2245 dicuntur,

197 2243 342 2311 quasi
367 2243 522 2296 simul
549 2244 740 2309 edales,
760 2245 813 2298 id
835 2256 930 2310 est,
959 2247 1111 2301 simul
1130 2247 1517 2312 manducantes,
1539 2249 1576 2303 1.

256 2312 346 2386 ξι.
373 2314 798 2386 Exsequialibus,
827 2318 918 2385 qui
937 2317 990 2371 in
1004 2319 1252 2386 exsequiis
1277 2321 1600 2386 conueniunt,
1622 2321 1660 2376 1.

257 2383 350 2438 54.
380 2385 553 2455 Quod,
575 2401 636 2438 eo
685 2383 848 2455 quod,
868 2387 910 2441 1.

257 2455 349 2512 60.
383 2453 729 2526 innovatum.
777 2457 969 2511 scilicet
1007 2458 1255 2526 referunt.
1297 2489 1365 2500 --
1394 2459 1606 2516 Visibus
1635 2461 1775 2518 inte-

190 2527 315 2597 gris.
346 2525 653 2597 virginitatis
678 2528 929 2595 custodia,
965 2528 1006 2582 1.

258 2597 346 2651 61.
382 2596 638 2664 Gradum,
667 2599 992 2664 miraculum,
1019 2597 1059 2654 1.

1955 2110 2042 2164 65.
2076 2110 2364 2173 Ascensus,
2394 2110 2621 2177 nmilyt'ii
2649 2109 2863 2177 gradus,
2889 2108 2928 2162 1.

1954 2182 2043 2236 65.
2076 2181 2343 2252 Aslringe,
2375 2181 2604 2249 euagina.
2635 2207 2706 2218 —
2740 2181 2930 2242 l‘Jsere,
2965 2181 3166 2252 perﬁce,
3197 2182 3385 2251 profer,
3410 2199 3448 2239 e,

1883 2269 2058 2306 exerce
2071 2292 2087 2317 ,
2118 2251 2159 2307 l.
2215 2303 2218 2306 .

1957 2323 2044 2378 70.
2079 2322 2342 2388 Vesanus,
2383 2329 2691 2376 transvectus
2721 2338 2752 2372 (ι
2781 2321 3014 2381 sanitate,
3047 2320 3084 2374 1.

1954 2393 2045 2449 79..
2065 2392 2333 2461 Ephnhns,
2354 2396 2568 2460 invenis,
2594 2391 2846 2446 imberbis.
2869 2421 2939 2432 —
2957 2391 3174 2448 Tinctus
3195 2405 3446 2462 aromate,

1883 2473 2067 2517 unctus
2090 2473 2366 2531 unguento,
2398 2463 2437 2517 Ι.
2891 2475 2898 2483 ⁸

1955 2535 2043 2588 75.
2075 2534 2302 2596 Funere,
2331 2543 2513 2595 morte,
2547 2534 2700 2594 luctu,
2736 2532 2774 2586 1.

1954 2603 2042 2659 74.
2075 2604 2192 2670 Hic,
2227 2604 2329 2667 hic,
2361 2604 2499 2667 talis,
2536 2605 2571 2658 Ι.

1590 2711 2162 2771 COMMENTARIUS.

256 2801 346 2874 45.
373 2801 680 2874 Aldsmale,
707 2811 998 2874 (respectare
1018 2805 1272 2874 formam;
1291 2819 1389 2861 nec
1409 2805 1604 2863 melius
1623 2819 1774 2862 vetus

189 2872 356 2946 codex
384 2873 437 2927 in
456 2871 691 2928 editione
725 2871 1041 2938 weitziana,
1084 2875 1301 2946 formum
1330 2888 1654 2946 exspectare;
1681 2888 1774 2933 aut

189 2943 375 3011 Torn.,
392 2954 687 3016 exspectans
710 2945 959 3016 formam;
984 2943 1353 3012 autLatinius,
1382 2943 1644 3016 despectas
1667 2950 1774 3015 for-

188 3030 340 3068 mant.
369 3014 752 3088 _Diicit_lum_ine
793 3015 1002 3088 lubrico,
1042 3027 1117 3088 ut
1162 3016 1214 3070 in
1242 3018 1443 3088 hymn.
1478 3014 1535 3071 '2
1588 3014 1770 3083 (ἐπειὴ,

188 3097 326 3155 vers.
362 3086 485 3152 403,
519 3084 725 3139 Oculive
743 3095 944 3155 peccent
974 3085 1178 3139 lubrici.
1218 3084 1428 3155 Cicero,
1460 3088 1552 3143 lib.
1614 3105 1650 3144 tt
1704 3089 1771 3145 de

187 3151 503 3227 N:it.‘dcur.,
523 3155 628 3210 Sed
643 3151 862 3209 lubricos
884 3156 1057 3210 oculos
1081 3157 1200 3226 fecit
1220 3151 1452 3227 (natura)
1470 3169 1516 3213 et
1541 3161 1768 3214 mobiles.

1886 2827 2005 2866 mea:
2048 2810 2180 2864 alius
2229 2811 2385 2881 datur
2420 2810 2674 2881 Ascensus
2704 2825 2724 2863 :
2753 2810 2884 2863 iram
2929 2827 3043 2865 nam
3077 2813 3219 2881 furor
3260 2814 3458 2880 incitat.

1886 2884 2134 2936 Heinsius
2177 2880 2374 2934 nullam
2417 2880 2661 2934 lectionis
2706 2883 3018 2935 varietatem
3062 2880 3318 2945 advertit.
3365 2884 3458 2942 secl

1885 2951 2180 3006 Ciseliuum
2212 2960 2458 3014 secutus,
2487 2949 2656 3006 edidit
2676 2966 2795 3004 nica:
2820 2952 2951 3005 alius
2981 2951 3154 3006 datur.
3207 2955 3458 3011 Accmsus

1884 3023 2014 3075 iram
2037 3038 2155 3075 nam
2183 3025 2332 3146 βινου-
2353 3022 2551 3084 incitat,
2580 3021 2721 3088 quod
2743 3031 2924 3076 tenent
2953 3022 3098 3084 Διά..
3121 3021 3455 3088 Parrhasius,

1888 3093 2029 3146 Vatt.
2079 3092 2139 3146 Β.
2229 3133 2244 3146 .
2290 3090 2442 3146 Urb..
2494 3093 2819 3146 recentiores
2872 3110 2883 3144 :
2925 3107 3224 3146 uuanuuam
3274 3094 3455 3146 Teolin

1888 3093 2029 3146 Vatt.
2079 3092 2139 3156 Β,
2183 3090 2244 3157 Ρ,
2290 3090 2442 3155 Urb.,
2494 3093 2825 3162 recentiores
2872 3110 2883 3144 :
2925 3107 3224 3162 quanquam
3274 3094 3456 3148 Teolin

1886 3165 2054 3218 altera
2077 3162 2234 3216 lectio
2263 3162 2430 3230 magis
2462 3163 2670 3217 videtur
2689 3161 2947 3218 arridere.
2972 3163 3220 3218 Nonnulli
3244 3165 3456 3222 tradunt

258 3225 352 3306 46.
373 3227 802 3306 _Brevi_ar..M_oz.
851 3220 1493 3306 deprava'te,__gehennalis
1526 3232 1662 3306 ignis
1680 3235 1782 3300 ﬂa-
1807 3220 1858 3286 C
1888 3220 2379 3306 Symphorianum,"
2387 3247 2455 3288 ne
2476 3233 2529 3306 in
2551 3231 2730 3306 odium
2756 3233 3112 3306 Romanorum
3137 3220 3456 3306 incurreret,

190 3299 342 3352 minis
368 3299 422 3351 in
445 3299 668 3352 modum.
699 3297 960 3368 Angehtm
991 3298 1090 3352 sub
1128 3300 1272 3352 alitis
1299 3301 1480 3368 specie
1505 3297 1774 3356 vibratum

190 3369 412 3439 intelligi
437 3384 612 3436 posse,
632 3380 819 3425 censet
844 3369 1174 3440 Ruinartins,
1206 3368 1364 3424 Certe
1405 3371 1597 3440 Agneti
1648 3374 1777 3427 ade-

189 3450 273 3495 rat
297 3441 519 3509 angelus
541 3441 630 3506 qui
683 3441 800 3508 ejus
851 3439 1208 3508 virginitatem
1259 3439 1573 3499 dcl'enderet
1623 3461 1637 3499 :
1679 3445 1775 3498 sed

189 3509 322 3565 nihil
358 3511 628 3583 prohibet
677 3513 850 3580 ignem
884 3511 1174 3583 volucrem,
1213 3511 1329 3565 sive
1356 3513 1587 3583 celerem
1643 3516 1775 3583 (non

188 3582 375 3648 avem)
401 3580 470 3635 de
490 3581 637 3652 caelo
665 3583 909 3648 missum,
937 3581 1032 3652 qui
1055 3581 1241 3635 oculos
1268 3581 1522 3650 impudici
1559 3580 1776 3652 juvenis

191 3656 598 3721 perstringeret.
624 3651 697 3706 lta
721 3653 863 3706 enim
891 3650 991 3721 ego
1021 3650 1162 3706 hunc
1208 3652 1401 3722 locum"
1438 3650 1674 3722 accipio;
1721 3667 1776 3710 et

188 3724 306 3776 haec
332 3722 623 3792 explicatio
650 3723 997 3778 conﬁrmatur
1044 3738 1184 3776 vers.
1233 3721 1326 3786 48,
1368 3721 1543 3778 Circus
1559 3721 1774 3780 corusco

187 3794 591 3865 luminecorruit
629 3809 650 3865 .j
686 3809 808 3848 nam
857 3794 1036 3846 lmnen
1067 3806 1355 3865 coruscum
1400 3803 1482 3848 cst
1515 3796 1613 3865 hic
1660 3798 1775 3865 ipse

186 3862 460 3934 ignisiales
493 3875 545 3918 et
562 3864 758 3920 ardetis
777 3880 884 3934 quo
913 3877 1088 3934 caecus
1117 3863 1576 3934 corruitjuvenis.
1615 3862 1775 3921 Juve-

185 3935 298 3998 nis,
329 3933 543 4004 inquam
569 3953 581 3986 :
615 3934 812 3990 etenim
843 3934 1006 3987 lilium
1041 3933 1181 3989 hunc
1211 3933 1374 3989 fuisse
1404 3935 1641 4000 przeiecti
1673 3937 1770 3993 Ur-

185 4005 271 4058 bis
303 4007 435 4079 Acta
467 4005 679 4072 docent,
707 4014 761 4059 et
789 4019 930 4059 vers.
962 4004 1032 4059 29
1052 4006 1124 4058 ait
1149 4005 1312 4074 judex
1350 4022 1364 4060 :
1392 4008 1570 4060 Uinnis
1584 4010 1774 4079 juven-

182 4084 267 4128 tus
297 4077 486 4139 irruat,
518 4085 624 4133 etc.
677 4103 680 4106 ~

257 4146 349 4201 50.
381 4147 609 4201 Imitatio
632 4145 851 4220 Virgilii
881 4145 974 4201 lib.
1003 4160 1053 4210 ν,
1090 4142 1181 4199 Ast
1209 4145 1356 4200 illum
1409 4148 1504 4216 ﬁdi
1552 4151 1773 4220 aequales

182 4232 354 4298 genua
379 4232 519 4298 {egra
540 4217 840 4298 trahentem,
874 4227 980 4298 etc.

257 4287 352 4344 52.
387 4286 609 4342 Videtur
629 4287 924 4359 elupanari
947 4286 1094 4356 virgo
1120 4295 1380 4359 extracta,
1427 4298 1484 4342 ut
1524 4304 1619 4359 per
1658 4291 1773 4347 vias

181 4357 507 4482 diuersetur;
556 4358 639 4412 vel
667 4357 770 4411 ibat
822 4359 1139 4425 triumphans
1181 4358 1398 4428 ponitur
1429 4357 1536 4427 pro
1576 4362 1772 4417 trium-

182 4443 294 4482 ωε
335 4438 416 4482 at.
1041 4454 1046 4469 ι

181 4429 416 4498 phabat.

257 4454 493 4553 ng‘liat.
525 4497 586 4563 Β,
616 4499 793 4568 pericli
822 4515 842 4552 :
869 4454 1092 4554 emenda
1120 4499 1352 4567 periculi.

255 4569 558 4663 5:5._P_rag.,
591 4587 651 4624 ne
675 4569 931 4636 violabile,
965 4579 1017 4625 ct
1035 4584 1192 4639 supra
1219 4569 1396 4638 glossa
1424 4589 1486 4627 ne
1515 4587 1613 4629 oro
1641 4589 1766 4628 non.
1796 4601 1852 4663 η

177 4640 380 4696 Helius
401 4657 511 4695 nec.

256 4713 351 4765 56.
391 4714 570 4776 Brem,
601 4709 738 4766 llos.
769 4719 971 4778 aspecta
1001 4727 1020 4764 :
1044 4711 1158 4779 lege
1184 4721 1414 4777 experta.

253 4782 354 4836 57.
383 4780 501 4834 Vat.
533 4786 603 4846 Α,
633 4798 830 4847 precem
864 4795 963 4850 pro
982 4797 1174 4850 preces.
1198 4781 1302 4835 Alii
1345 4784 1635 4848 retulerim,
1681 4786 1768 4841 alii

170 4852 479 4905 rettulerint
502 4852 748 4906 scribunt
777 4850 1052 4921 sutrisque
1082 4868 1176 4906 sua
1207 4855 1360 4907 adest
1389 4857 1546 4920 ratio,
1594 4859 1774 4911 Preci-

171 4923 288 4974 bus
332 4925 391 4976 S.
422 4924 639 4991 Agnetis
667 4923 808 4977 hunc
838 4923 1090 4992 juvenem
1137 4925 1205 4977 ad
1255 4925 1414 4978 vitam
1466 4937 1771 4982 revocatum

169 5001 440 5046 narratur
469 4994 628 5046 etiam
653 4993 705 5046 in
729 5007 978 5047 sermone
999 4994 1066 5048 48
1093 4994 1236 5050 inter
1251 5010 1530 5051 sermones
1641 5002 1772 5051 Am-

166 5063 373 5118 brosio
409 5063 688 5132 ascriptus.
716 5077 875 5134 quem
897 5078 928 5119 e
955 5063 1122 5120 tribus
1164 5081 1295 5123 mss.
1327 5065 1550 5121 Maurini
1591 5067 1772 5124 edide-

167 5143 341 5188 ῐιιιιῑ.

171 5278 186 5290 ⁸
386 5203 536 5272 Ald.,
571 5203 723 5261 Brev.
754 5203 913 5269 Moz.,
947 5211 1052 5257 tum
1084 5205 1294 5262 invenit.
1328 5206 1631 5278 Legendum
1665 5217 1773 5264 tum

159 5289 556 5428 ﬁgatur”.
600 5344 763 5428 plus?
792 5347 1008 5428 usibus.
1040 5345 1467 5428 Cauch_ii_codex
1509 5349 1769 5428 jussibus,

157 5415 334 5471 unde
363 5414 454 5470 ille
492 5416 810 5486 conjiciebat
837 5419 1081 5472 sensibus.
1123 5419 1228 5476 Sed
1269 5419 1406 5475 bene
1448 5414 1531 5473 est
1558 5414 1768 5475 visibus.

159 5487 381 5540 Glossa
394 5500 520 5556 Anon
557 5487 720 5556 placet
734 5527 748 5540 .

251 5558 352 5611 61.
388 5554 713 5632 ΒτᾳνίΜοι.
746 5558 818 5613 ita
845 5557 1153 5632 distinguit,
1191 5560 1365 5614 usibus
1404 5559 1618 5632 integris
1650 5557 1772 5614 Pri-

152 5642 368 5699 mam};
395 5630 486 5699 sed
510 5627 705 5699 Agnes,
746 5641 849 5683 non
880 5627 1069 5697 probe.

241 5697 348 5752 63.
383 5697 722 5771 Si_ch.,'V_latt.
756 5701 820 5767 A,
857 5699 922 5766 ρ,
953 5700 1138 5771 ᾼιθιη
1171 5700 1352 5771 Prag.,
1393 5701 1538 5765 Rat..
1572 5700 1765 5757 Weitz.

150 5781 313 5823 cum
370 5768 484 5822 suis
517 5809 530 5834 ,
582 5767 716 5822 Gall.
769 5783 888 5824 cum
949 5769 1137 5835 Torn.,
1193 5767 1426 5827 editione
1479 5770 1766 5827 Parisiensi

147 5836 450 5894 Biblioth.
480 5837 715 5902 Patrum,
743 5853 844 5893 ms.
868 5840 926 5897 S.
961 5841 1231 5897 Michaelis
1252 5842 1391 5912 apud
1410 5841 1762 5905 Iluinartinm,

472 5934 739 5992 Punoc.
786 5931 920 5992 LX.

1880 3303 2223 3359 substituisse
2273 3303 2436 3359 alium
2481 3303 2716 3372 jndicem
2759 3304 3040 3370 Aspasium
3074 3304 3322 3372 nomine,
3368 3308 3456 3371 qui

1881 3376 2138 3445 virginem
2167 3375 2426 3444 Agnetem
2455 3374 2811 3445 primumigni
2840 3374 2993 3434 tradi,
3031 3384 3138 3428 tum
3166 3377 3287 3445 igne
3316 3375 3452 3429 illa:-

1881 3442 1994 3500 εειιή
2024 3444 2201 3516 gladio
2222 3442 2434 3516 percuti
2458 3444 2638 3516 jussit.
2676 3442 2735 3498 In
2777 3454 3064 3516 comment.
3113 3442 3233 3499 add
3273 3445 3458 3515 hymn.

1879 3512 2104 3578 l’eristﬁ,
2125 3512 2269 3569 vers.
2295 3515 2395 3587 95,
2427 3512 2776 3584 quaestionem
2804 3514 3145 3587 agitavi,_cur
3195 3512 3457 3587 martyres

1877 3588 1980 3639 alia
2007 3593 2266 3641 tormenta
2300 3585 2566 3640 interdum
2599 3593 2946 3653 superarent,
2991 3585 3170 3652 gladio
3198 3585 3457 3640 vero‘vix

1877 3673 2110 3725 unquam
2143 3655 2418 3716 cederent.
2448 3654 2637 3708 Postea
2673 3655 2780 3709 vidi
2811 3654 3244 3725 dissertationcm
3272 3656 3456 3710 Burin"-

1877 3724 2006 3781 faldi
2040 3743 2054 3780 :
2095 3725 2190 3779 Del
2232 3726 2381 3792 colpo
2423 3725 2474 3777 di
2509 3725 2673 3791 spadu
2695 3764 2708 3786 ,
2742 3741 2770 3776 ο
2802 3725 2854 3776 di
2883 3724 3173 3792 qualunqne
3200 3727 3337 3792 ferro
3375 3737 3455 3778 ta-

1877 3799 2083 3867 glirnte,
2137 3812 2238 3867 non
2269 3796 2550 3867 maipano.
2578 3793 2812 3867 o_[all_ace
2843 3794 2924 3846 uel
2945 3795 3261 3867 decepitare.
3305 3796 3455 3867 o_dar

1877 3863 1928 3921 la
1957 3877 2116 3921 morte
2152 3866 2203 3919 ai
2239 3865 2439 3919 martiri
2496 3864 2551 3917 di
2603 3864 2835 3932 Christo,
2871 3874 2998 3917 tom.
3053 3863 3121 3917 lll
3160 3864 3292 3919 Nov.
3335 3865 3454 3920 Col-

1881 3938 2009 3993 lect.
2061 3937 2376 4006 Calogeran.
2411 3934 2598 3991 Venet.
2659 3933 2818 4006 1757.
2883 3933 3224 4006 liaruﬂaldus
3272 3935 3456 4006 iisdem

1877 4004 2575 4076 rationibus'qumstionem
2626 4004 3037 4076 resolvit..i\'am
3081 4004 3230 4076 quod
3275 4005 3455 4066 addit.

1876 4080 2049 4150 ictum
2081 4073 2673 4150 gladiiinsnperabilem
2696 4075 2890 4138 fuisse,
2927 4077 3049 4144 quia
3080 4073 3218 4150 Deus
3255 4086 3460 4150 marty-

1877 4151 2014 4204 rium
2043 4146 2145 4205 hoc
2181 4149 2368 4205 mortis
2396 4161 2595 4217 genere
2622 4150 2916 4214 complere,
2945 4155 3000 4217 e_t
3023 4146 3306 4217 perictum
3337 4148 3452 4213 gla-

1816 4255 1820 4268 ν
1877 4221 1949 4274 dii
1982 4229 2245 4292 martyres
2292 4215 2555 4292 coronare
2595 4217 2942 4292 decreverat,
2975 4215 3078 4270 hoc
3127 4216 3300 4292 ipsum
3336 4228 3414 4270 est
3443 4259 3457 4278 .

1875 4291 2017 4360 quod
2048 4285 2327 4359 quaaritur,
2350 4305 2447 4343 cur
2476 4287 2616 4360 Dens
2638 4286 2898 4360 idunotins
2915 4301 3074 4360 quam
3098 4285 3239 4338 aliud
3269 4285 3458 4360 decre-

1876 4355 2034 4416 verit.
2058 4355 2226 4432 Negat
2246 4355 2504 4427 prieterea
2533 4355 2864 4432 BnrntTaldus
2881 4356 3117 4432 gladium
3133 4363 3323 4432 martyi
3341 4357 3456 4432 ilius

1876 4447 2106 4503 unquam
2128 4424 2380 4503 cessisse,
2409 4444 2471 4503 ac
2496 4439 2706 4482 veteres
2731 4427 2983 4503 historias
3009 4424 3204 4503 quibus
3235 4429 3283 4503 iit
3312 4427 3457 4478 atlir-

1874 4494 2070 4568 matur,
2099 4513 2189 4557 aut
2216 4501 2268 4556 in
2293 4501 2516 4555 dubium
2538 4512 2775 4560 revocat,
2799 4505 2888 4551 aut
2912 4497 3029 4550 sine
3052 4494 3312 4549 miraculo
3342 4510 3455 4550 rem

1874 4574 2122 4628 evenisse
2149 4571 2444 4628 contendit.

1946 4643 2035 4699 65.
2069 4644 2185 4699 Vat.
2237 4645 2297 4710 Β,
2340 4641 2493 4706 Man,
2535 4641 2682 4709 Rat.,
2712 4637 2932 4700 Weitz.,
2973 4637 3456 4710 astringejerrum.

1874 4712 2047 4779 Rott.,
2082 4706 2320 4777 Thuanl,
2368 4713 2514 4773 ΑΜ..
2566 4706 2719 4766 Brev.
2774 4710 2933 4774 Moz.,
2979 4706 3158 4779 Alex.;
3212 4706 3337 4779 Vat.
3377 4707 3454 4779 ρ.

1875 4776 2087 4857 stringe.
2121 4785 2197 4839 lta
2223 4788 2273 4857 in
2303 4783 2423 4838 Vat.
2458 4783 2517 4857 ΡΑ,
2550 4783 2642 4838 sed
2672 4780 3030 4857 deest_pr_ima
3061 4778 3256 4857 littera.
3269 4776 3457 4857 ..μείη-

1876 4856 1987 4909 sius
2008 4847 2263 4910 'restituit
2317 4857 2368 4917 i,
2411 4847 2603 4922 stringe
2645 4867 2764 4905 cum
2819 4848 3239 4922 Ambr._,_trib_us
3269 4847 3452 4922 Tom.
3531 4901 3536 4904 .

1876 4925 2202 4997 Cauchiano.
2252 4917 2662 4997 Adhaeretﬂat.
2691 4926 2778 4997 A._,
2814 4929 2867 4975 et
2889 4921 2974 4997 __iu
3012 4918 3128 4997 Vat.
3161 4917 3226 4997 O
3250 4917 3458 4997 videtur

1878 4995 1930 5049 id
1959 4996 2183 5050 indicari
2212 4997 2278 5048 ad
2309 5008 2479 5048 uram.
2515 4991 2830 5047 Parrhasius
2852 4990 2979 5043 olim
3009 4987 3119 5056 jam
3143 4986 3386 5041 ediderat
3415 4990 3450 5050 i,

1879 5067 2102 5132 stringe.
2154 5067 2246 5120 sed
2297 5064 2551 5119 mendose
2598 5062 2742 5116 illico
2782 5061 3263 5132 mi_les_e.rsequere.
3324 5057 3454 5132 llrh.

1881 5125 2044 5192 habet
2061 5125 2175 5207 jam
2205 5135 2416 5206 stringe,
2447 5132 2764 5207 quod‘l‘uita
2799 5130 3039 5207 Ciselinp
3067 5125 3291 5182 editum.
3326 5127 3458 5180 Vide

1878 5198 2168 5262 comment.
2199 5208 2264 5259 ad
2291 5198 2432 5258 vers.
2467 5198 2566 5259 199
2598 5203 2777 5273 hymn.
2797 5202 2875 5273 git
2903 5198 3052 5273 Cath.

1952 5278 2037 5331 72.
2074 5276 2264 5332 Weitz.
2294 5289 2415 5330 cum
2460 5267 2658 5326 Widm'.
2687 5271 2871 5326 scribit
2909 5269 3154 5336 ephebus.
3185 5268 3240 5323 In
3274 5267 3457 5337 Egm.,

1882 5348 2138 5414 Hai!shr.,
2182 5346 2382 5417 efybus.
2421 5343 2812 5417 Chauiillardus
2845 5341 3183 5417 existimabat
3227 5349 3458 5417 aromata

1882 5426 2084 5473 tantum
2115 5409 2317 5486 plurale
2347 5415 2486 5485 apud
2522 5415 2736 5486 Latinos
2767 5409 3456 5486 reperiri,_quamvis_apud

1878 5478 2300 5544 Graicos'etiam
2349 5478 2402 5540 in
2456 5485 2721 5554 singulari
2763 5478 3216 5554 diciturnam”.
3261 5480 3458 5554 Ver-nui

1876 5559 2176 5615 Marcianus
2205 5573 2379 5610 aroma
2406 5548 2646 5609 Indicum
2673 5552 2808 5606 dixit
2841 5554 2900 5605 υ.
2936 5548 3227 5603 111).’χέιιι
3266 5551 3350 5602 tit.
3391 5548 3457 5611 4,

1875 5627 1981 5698 leg.
2011 5628 2109 5682 ult.
2141 5627 2467 5698 Prudentius
2511 5639 2690 5698 aroma
2735 5625 2787 5676 in
2825 5622 3084 5698 singulari
3128 5621 3262 5674 dixit
3299 5620 3456 5674 etiam

1872 5693 2028 5754 Catii.
2059 5700 2116 5764 3,
2143 5712 2289 5751 vers.
2321 5696 2413 5763 22,
2443 5694 2641 5763 Apoth.
2669 5708 2810 5748 vers.
2839 5693 2958 5747 758.

1947 5769 2034 5822 74.
2067 5769 2282 5833 Parrh.,
2311 5768 2393 5820 hic
2421 5781 2584 5825 amor.
2616 5773 2800 5820 contra
2826 5770 3079 5817 metrum.

1943 5840 2033 5895 75.
2063 5838 2247 5905 Alex.,
2284 5837 2429 5893 Vatt.
2464 5840 2504 5892 Α
2558 5836 2618 5902 Ρ,
2651 5835 2794 5889 obvia

2945 5928 3017 5981 19
