3994 6290
578 408 681 468 599

1971 401 2013 456 ι)
2026 400 2426 457 ιιΑυοΝτιυε.
3725 403 3813 462 600

659 521 770 580 XI.
801 519 1120 598 Intelligo,
1154 519 1440 597 princeps
1472 517 1724 598 optime,
1755 522 2004 598 tantam
2040 514 2408 591 dignitatem
2465 521 2519 573 et
2573 513 3098 598 magniﬁcentiam
3146 516 3214 578 in
3265 514 3552 598 publicis.
3580 517 3806 598 pietatis

579 599 865 680 operibus
893 593 1393 680 quce'summatim
1417 593 1793 680 perstrinxi,
1827 593 2162 680 consistere
2193 610 2320 652 non
2357 610 2536 669 posse
2565 593 2697 653 sine
2716 678 2722 680 α
2737 593 2991 680 privata
3019 594 3139 680 illa
3157 593 3546 680 continentia
3577 596 3811 656 eceteris-

580 673 692 758 tfue
716 673 1021 758 virtutum
1039 676 1348 758 praesidiis
1364 673 1582 758 quibus
1603 675 1956 758 episcopum
1981 673 2356 732 instructum
2388 689 2510 730 esse
2537 678 2812 758 oportet,
2840 690 2973 732 eum
2998 676 3389 758 potissimum
3412 677 3521 758 qui
3542 691 3808 758 summurn

580 750 835 819 honoris
860 750 1118 833 gradum
1158 755 1227 814 in
1283 750 1559 815 Ecclesia
1588 750 1876 833 Hispana
1923 760 2106 833 tenet,
2141 760 2201 810 et
2225 768 2399 829 quem
2409 750 3035 833 potentissimusfea:
3050 751 3405 833 _eat_ltolic_us
3425 750 3688 833 'Carolus
3707 753 3740 814 1
3748 755 3807 826 ν,

580 827 961 914 aequissimus
993 834 1354 912 meritoﬁum
1386 827 1743 914 aestimator,
1781 831 1946 914 inter
1976 831 2110 914 ipsa
2149 827 2632 914 susceptirfgni
2661 827 2999 914 initia‘SS:
3032 831 3106 890 ο.
3135 830 3218 893 Ν.
3252 830 3372 892 Pio
3412 831 3506 891 VI
3534 849 3811 914 commen-

581 907 777 990 davit,
823 921 891 972 ut
941 913 1007 973 in
1036 907 1281 972 sacrum
1327 909 2320 990 collegiumeminentissimorum
2360 908 2538 990 S._R.
2580 907 2656 966 Ε.
2690 907 3107 990 cardinalium
3147 917 3570 990 cooptaretur.
3614 911 3809 990 Verum

583 985 901 1052 ttnttarum
935 990 1188 1051 laudum
1213 985 1612 1068 praeconium,
1644 989 1714 1048 de
1737 987 1961 1068 quibus
1989 1003 2098 1068 nec
2123 985 2390 1046 bneviter
2423 985 2624 1068 dicere
2657 988 3061 1064 propositum
3089 987 3240 1049 mihi
3260 985 3388 1065 est,
3421 988 3567 1068 dum
3613 989 3808 1068 aliquis

583 1073 806 1146 vigebit
834 1063 1246 1131 humanitatis
1289 1087 1524 1138 sensus,
1577 1063 1890 1144 Hispania
1923 1063 2227 1146 celebrare
2267 1083 2409 1146 non
2458 1063 2731 1146 desistet,
2782 1063 2839 1125 et
2884 1083 2997 1146 per
3028 1063 3386 1128 universum
3414 1065 3620 1128 orbem
3651 1063 3809 1129 Citri-

583 1143 876 1215 stianum.
911 1149 1056 1210 dum
1081 1148 1334 1209 stabunt
1365 1164 1556 1208 sacras
1585 1143 1860 1221 Litterae,
1899 1153 2074 1225 tuum
2109 1143 2528 1225 dulcissimum
2552 1153 2607 1202 et
2648 1143 2992 1205 immortale
3018 1163 3238 1222 nomen
3264 1146 3653 1224 personabit.

663 1230 802 1290 Xll.
837 1230 976 1290 Hoc
1005 1245 1195 1288 unum
1219 1247 1255 1287 α
1284 1237 1363 1299 te,
1401 1226 1863 1286 eminentissime
1889 1221 2208 1300 princeps,
2237 1221 2384 1281 dum
2411 1222 2490 1302 ad
2519 1239 2708 1284 sacra:
2733 1240 3034 1302 purpura:
3073 1221 3348 1286 osculum
3374 1225 3809 1288 uenerabundus

581 1307 830 1384 accedo,
857 1324 974 1387 pro
1009 1315 1116 1387 tua
1143 1306 1293 1387 milii
1327 1305 1750 1387 cognitissima
1776 1302 2160 1387 humanitate
2191 1318 2318 1387 non
2341 1300 2542 1387 solum
2567 1300 2877 1387 exspecto;
2910 1320 3119 1387 verum
3149 1305 3333 1387 etiam
3351 1305 3736 1387 postulo,_et,
3765 1309 3810 1367 si

579 1378 1043 1464 puteris'fomni
1089 1385 1300 1445 studio
1352 1378 1691 1464 contendo,
1720 1389 1792 1440 ut
1827 1382 1896 1464 in
1945 1378 2290 1464 Dracontii
2323 1380 2426 1464 tui
2483 1378 2752 1456 gratiam
2796 1381 2928 1464 ejus
2958 1382 3253 1444 editorem
3281 1378 3552 1464 in'tuam
3577 1378 3809 1464 ﬁdemret

581 1457 927 1547 clientelam
959 1465 1109 1526 velis
1133 1465 1432 1547 recipere,
1452 1463 1570 1521 Ea:
1589 1479 1708 1539 quo
1731 1461 2012 1547 profecto
2043 1461 2142 1547 ﬁet
2170 1464 2243 1547 πίε
2267 1457 2368 1547 hic
2395 1457 3170 1547 measquanta'luscunque
3192 1471 3455 1547 conatus
3476 1457 3806 1547 aliquando,

581 1545 635 1603 si
665 1552 906 1604 tantum
940 1559 1185 1620 sperare
1214 1535 1382 1615 licet,
1411 1543 1572 1620 inter
1597 1535 1965 1620 argumenta
2001 1535 2348 1620 singularis
2378 1535 2611 1600 amoris
2641 1538 2773 1620 tui,
2825 1549 2882 1599 et
2916 1535 3350 1620 benevolentiae
3379 1559 3528 1614 erqa
3554 1535 3809 1603 Ecclesia.

583 1625 876 1684 elisarum
909 1615 1385 1700 disciplinarum
1415 1615 1707 1695 cultores,
1734 1616 1932 1695 possit
1960 1616 2226 1694 aliquem
2247 1615 2342 1676 vel
2372 1625 2714 1678 extremum
2743 1616 2947 1679 locum
2981 1618 3284 1681 nancisci.

609 1791 897 1811 μ-να-*α

994 1895 1880 1987 PROLEGOMENA
1960 1898 2080 1978 IN
2157 1891 2695 1979 CARMINA
2748 1895 3434 1982 DRACONTII.

1974 2059 2166 2074 ξ-

1089 2163 1310 2221 CAPUT
1351 2157 1630 2215 PRIMUM.

584 2278 848 2335 Dracontii
871 2277 1010 2347 apud
1035 2284 1221 2347 veteres
1247 2273 1413 2347 prima
1433 2270 1698 2347 memoria.
1724 2269 1785 2324 S.
1815 2267 2003 2347 Isirlori
2024 2269 2086 2320 de
2105 2283 2162 2320 eo

651 2338 1008 2403 testimonium.
1037 2345 1096 2400 S.
1121 2338 1460 2400 Colu'mbanus
1481 2341 1651 2409 plures
1678 2356 1849 2394 versus
1876 2356 1907 2391 α
1935 2338 2160 2392 Dracon-

653 2423 724 2473 tio
745 2427 1004 2472 mutuatus
1031 2423 1125 2470 est.

657 2564 703 2632 ι
735 2557 1122 2615 Excellentium
1152 2570 1376 2625 operum
1408 2553 1699 2621 scriptores
1730 2551 1782 2606 in
1810 2550 2022 2619 scriptis
2051 2550 2162 2604 suis

583 2653 918 2723 potissimum
939 2650 1142 2714 vivere,
1176 2657 1335 2717 atque
1374 2662 1439 2702 ex
1491 2647 1569 2700 eis
1617 2644 1746 2700 solis
1797 2642 2062 2698 interdum
2107 2641 2159 2696 in

583 2743 849 2812 publicam
878 2741 1150 2806 hominum
1183 2739 1426 2794 notitiam
1453 2737 1653 2805 venire,
1699 2736 1880 2791 multis
1905 2736 2162 2804 exemplis

583 2847 645 2887 ac
683 2831 909 2887 diversis
961 2829 1287 2899 temporibus
1332 2830 1594 2899 repetitis,
1640 2839 1722 2883 est
1766 2827 2164 2882 conﬁrmatum.

574 2922 696 2978 lloe
725 2923 897 2993 ipsum
928 2921 996 2978 de
1021 2920 1308 2978 Dracontio
1357 2935 1542 2991 magna
1590 2935 1653 2975 ex
1687 2929 1838 2990 parte
1864 2920 1987 2975 licet
2017 2919 2162 2974 allir—

578 3029 765 3074 mare:
798 3013 864 3069 de
883 3028 988 3084 quo
1037 3027 1222 3083 pauca,
1267 3027 1438 3084 neque
1468 3013 1597 3070 satis
1626 3012 1855 3069 dilucide
1899 3016 2161 3083 exposita,

582 3113 790 3161 veteres
842 3106 994 3160 nobis
1040 3105 1406 3174 reliquerunt";
1460 3107 1791 3161 tecentlores
1838 3105 2165 3174 conjecturis

581 3208 695 3250 rem
726 3197 943 3265 agen‘tes
972 3197 1074 3252 alia
1115 3197 1360 3266 quaedam
1407 3197 1747 3260 addiderunt,
1797 3195 1892 3251 sed
1933 3212 2053 3266 quae
2091 3212 2158 3253 ex

583 3300 715 3340 mss.
775 3287 1098 3340 membranis
1137 3287 1432 3341 carminum
1485 3287 1754 3341 Dracontii
1796 3304 1824 3340 a
1872 3304 1958 3342 me
1999 3304 2167 3357 nuper

584 3375 811 3444 repertis
863 3377 1054 3450 partim
1102 3376 1298 3446 corrigi
1355 3378 1582 3445 possint.
1642 3379 1833 3446 partim
1889 3380 2161 3435 illustrari.

585 3463 720 3518 Dum
751 3465 890 3520 enim
917 3467 1151 3521 carmina
1169 3477 1408 3521 veterum
1441 3476 1713 3538 poetarum
1738 3467 2159 3544 Christianorum

583 3554 816 3624 undique
845 3557 1116 3626 perquiro,
1149 3557 1433 3627 diligenter
1467 3558 1753 3626 perlustro,
1784 3568 1837 3612 et
1862 3559 1928 3613 ad
1953 3569 2160 3616 veteres

584 3642 797 3698 codices
825 3644 1018 3700 sedulo
1046 3661 1322 3711 recenseo,
1351 3647 1486 3704 forte
1515 3647 1723 3702 fortuna
1752 3648 1913 3704 incidi
1940 3650 1991 3704 in
2031 3650 2161 3706 Car--

580 3746 706 3789 tuen
733 3731 800 3788 de
826 3734 937 3789 Deo
979 3738 1077 3789 sub
1108 3735 1306 3792 Aurelii
1340 3737 1616 3806 Augustini
1664 3737 1877 3794 nomine
1914 3739 1966 3794 itt
1995 3755 2161 3796 ntem-

578 3821 766 3880 brania
793 3834 1088 3892 exaratum,
1139 3842 1202 3882 ac
1230 3837 1338 3884 tres
1366 3828 1416 3881 in
1449 3827 1616 3884 libros
1643 3829 1892 3895 divisum,
1944 3829 1996 3884 in
2026 3847 2160 3900 quo-

577 3930 701 3972 rum
750 3918 922 3986 primo
961 3912 1326 3975 Hestiemeron
1366 3920 1632 3976 Dracontii
1664 3921 1771 3989 jam
1799 3920 2003 3990 pridem
2045 3922 2160 3978 edi-

581 4015 695 4062 tum
719 4007 1130 4064 continebatur:
1173 4011 1380 4066 initium
1423 4011 1662 4078 ejusdem
1714 4012 1832 4067 libii
1882 4013 2058 4081 primi,
2105 4023 2160 4070 et

581 4094 719 4151 duos
748 4098 984 4167 reliquos
1014 4099 1178 4154 libros
1208 4101 1551 4156 Dracontium
1593 4118 1802 4173 quoque
1834 4103 2033 4160 habere
2063 4120 2157 4160 au-

581 4195 786 4242 ctorem
817 4201 914 4258 pro
940 4199 1088 4244 certo
1118 4205 1259 4244 nunc
1285 4200 1478 4257 statuo,
1512 4207 1578 4247 ne
1601 4208 1684 4262 ,ue
1713 4193 2033 4250 dubitabunt
2069 4197 2157 4266 qui

580 4290 897 4349 argumenta
923 4295 1045 4336 mox
1075 4281 1342 4337 aﬂerenda
1380 4283 1706 4354 expendent,
1755 4296 1848 4340 aut
1892 4287 2155 4357 integrum

580 4383 716 4441 opus
745 4370 941 4442 legent.
976 4372 1053 4428 Ex
1084 4376 1135 4444 2
1167 4373 1266 4428 hoc
1294 4386 1534 4441 poemate
1555 4377 1808 4431 nonnulla
1835 4378 1923 4432 lux
1948 4379 2073 4434 vita:
2095 4394 2159 4434 ac

579 4460 869 4518 conditioni
898 4463 1166 4518 Dracontii
1189 4463 1400 4534 aliulget
1424 4481 1438 4529 ;
1471 4469 1565 4520 sed
1595 4467 1764 4521 multo
1787 4469 1954 4538 major
1973 4470 2156 4538 splen-

579 4551 682 4607 dor
703 4553 910 4609 accedit
955 4568 1020 4608 ex
1071 4555 1296 4623 epistola
1324 4555 1389 4609 ad
1427 4557 1779 4611 Guntltarium
1807 4573 1984 4628 regem
2021 4560 2159 4614 Van-

579 4642 843 4709 dalorum,
890 4658 1048 4714 quam
1089 4644 1242 4700 valde
1292 4645 1646 4716 imminutam,
1700 4659 1754 4703 et
1780 4660 2040 4720 tanquam
2089 4651 2155 4705 ad

578 4733 942 4791 Theodosium
972 4735 1248 4791 iuniorem
1282 4739 1577 4807 Augustum
1618 4742 1870 4811 scriptam
1917 4742 2156 4799 Sirmon-

578 4825 678 4881 dus
705 4826 902 4896 aliique
929 4827 1066 4896 typis
1093 4826 1427 4897 evulgarunt.

648 4917 707 4972 2.
735 4917 851 4971 Non
875 4917 1048 4986 patiar
1072 4917 1250 4988 igitur,
1279 4927 1532 4992 quantum
1559 4922 1610 4977 in
1661 4939 1746 4979 me
1791 4934 1893 4992 est,
1944 4937 2001 4982 ut
2043 4935 2150 4984 tam

577 5005 805 5075 insignia
828 5005 1097 5063 Dracontii
1118 5010 1354 5065 carmina
1373 5003 1571 5068 diutius
1589 5015 1797 5082 jaceant
1817 5015 1870 5068 in
1899 5017 2152 5084 tenebris,

577 5105 811 5165 gratum,
836 5106 894 5153 ut
913 5098 1128 5167 opinor,
1153 5097 1387 5158 facturus
1419 5104 1484 5158 iis
1503 5106 1615 5174 qui,
1646 5107 1878 5176 religiosi
1921 5108 2155 5179 antiqui-

577 5185 702 5241 tatis
726 5197 1014 5257 amatores,
1044 5197 1286 5246 veterum
1331 5193 1678 5264 scriptorum,
1729 5198 2024 5266 praesertim
2069 5213 2157 5256 ec-

576 5277 1019 5350 clesiasticorum,
1053 5298 1216 5354 opera
1238 5288 1480 5342 renovari
1523 5297 1576 5342 et
1621 5287 1876 5344 illustrari
1926 5291 2154 5360 malunt,

576 5383 735 5439 quam
757 5387 893 5429 nova
918 5376 1095 5447 aliqua
1121 5377 1243 5433 cudi
1273 5387 1327 5433 et
1355 5377 1411 5432 in
1438 5378 1608 5433 lucem
1657 5379 1847 5435 emitti.
1901 5379 2149 5438 Profecto

573 5473 720 5531 sape
761 5479 965 5521 mecum
1012 5467 1192 5524 animo
1219 5469 1446 5539 cogitavi
1473 5469 1607 5540 ,quid
1636 5485 1811 5527 causa:
1836 5486 1958 5528 esse
1983 5475 2149 5543 possit

573 5566 674 5607 cur
695 5563 972 5627 tantopere
999 5559 1202 5628 priscos
1231 5561 1524 5630 scriptores
1555 5564 1860 5619 recentibus
1889 5565 2150 5635 praefera-

572 5658 714 5709 mus,
740 5663 860 5702 cum
889 5656 1067 5705 tamen
1091 5651 1167 5706 illi
1198 5651 1300 5721 ipsi
1326 5663 1381 5708 et
1410 5668 1505 5708 sua
1527 5664 1683 5710 tetate
1705 5657 1899 5712 iuerint
1925 5658 2072 5723 novi,
2097 5667 2154 5714 et

573 5737 901 5806 antiquiores
928 5741 1062 5796 alios
1087 5741 1243 5797 unice
1263 5745 1586 5800 amaverint.
1625 5746 2000 5816 Pervulgatum
2022 5747 2153 5802 illud

575 5837 657 5894 est
682 5829 746 5888 de
769 5831 1043 5890 contmdiis
1063 5832 1203 5895 quod
1227 5821 1460 5894 Muretus
1486 5835 1580 5894 lib.
1606 5853 1734 5908 xvn,
1775 5852 1894 5912 cap.
1931 5839 1992 5896 tl
2025 5837 2147 5894 Var.

2184 2159 2225 2217 Α
2256 2157 2382 2230 lect.
2431 2158 2660 2228 profert,
2678 2169 2736 2213 ut
2767 2137 3004 2215 veterum
3031 2170 3355 2230 scriptorum
3387 2158 3656 2216 lectionem
3683 2174 3786 2216 com

2266 2241 2502 2319 mcntlet,
2536 2268 2603 2308 ex
2633 2253 2854 2322 prologo
2882 2253 2947 2308 ad
2979 2253 3225 2308 Casinam
3249 2253 3423 2310 Plauti
3448 2270 3462 2308 :

2451 2363 2572 2412 Vino
2595 2365 2676 2424 qui
2702 2370 2904 2414 utuntur
2927 2365 3082 2414 veteri
3103 2367 3351 2425 sapientes
3379 2370 3518 2424 puto,

2459 2426 2514 2488 lit
2546 2428 2626 2487 qui
2654 2433 2853 2475 veteres
2874 2433 3098 2488 spectant
3120 2427 3334 2476 libenter
3354 2426 3569 2475 fabulas.

2452 2485 2573 2549 Nam
2599 2501 2726 2535 nunc
2751 2501 2886 2537 novae
2904 2485 3018 2549 qua:
3042 2489 3159 2537 liunt
3184 2488 3432 2537 commdite

2449 2547 2598 2598 lllulto
2621 2557 2735 2599 sunt
2758 2547 3022 2613 nequiores
3045 2562 3186 2612 quam
3210 2551 3389 2598 nummi
3416 2552 3542 2600 novi.

2261 2648 2525 2706 Caeterum
2558 2652 2776 2722 querela
2805 2651 2922 2708 haec
2955 2652 3052 2707 fuit
3079 2654 3315 2708 omnium
3344 2663 3584 2719 aetatum,
3603 2653 3808 2712 omnium

2263 2741 2562 2808 nationum,
2589 2757 2751 2813 quam
2784 2742 3055 2812 Horatius,
3109 2744 3364 2800 Martialis
3411 2745 3605 2817 aliique
3629 2745 3812 2816 egregie

2265 2835 2583 2892 rel'utaru'nt.

2335 2927 2389 2984 5.
2424 2928 2605 3000 Neque
2634 2938 2813 2985 tamen
2858 2939 3144 3002 propterea
3177 2928 3300 3000 jure
3324 2931 3605 3002 quisquam
3631 2929 3813 3001 negabit

2264 3020 2500 3076 maximo
2545 3021 2598 3076 in
2649 3021 2854 3076 honore
2897 3032 2954 3079 et
3000 3019 3177 3092 pretio
3228 3021 3473 3078 habenda
3501 3021 3816 3078 esseeal'ere

2264 3112 2444 3167 omnia
2477 3123 2821 3169 monumenta
2867 3127 2988 3184 qua:
3037 3127 3131 3182 per
3175 3112 3391 3184 longam
3421 3112 3815 3169 szeculommse-

2267 3205 2398 3260 riem
2427 3205 2494 3261 ad
2524 3220 2621 3261 nos
2649 3203 2963 3261 transmissa
2993 3215 3374 3276 pervenerunt.
3415 3205 3551 3262 Cum
3577 3203 3710 3261 enim
3733 3220 3816 3259 an-

2268 3297 2428 3368 tiquis
2453 3297 2786 3368 temporibus
2827 3297 3029 3368 scripta
3057 3311 3162 3352 non
3186 3297 3306 3353 sine
3331 3310 3525 3366 magno
3549 3295 3817 3366 exscripto-

2266 3408 2384 3448 rum
2414 3392 2597 3448 labore
2618 3392 3041 3462 divulgarentur,
3081 3391 3436 3460 iudicandum
3474 3399 3625 3448 certe
3642 3397 3714 3446 est
3737 3400 3817 3442 eos

2266 3485 2501 3552 codices,
2552 3487 2643 3556 qui
2673 3495 2794 3556 post
2823 3485 3022 3540 multos
3049 3485 3117 3542 ab
3161 3492 3441 3540 auctorum
3486 3482 3636 3539 obitu
3673 3493 3818 3536 annos

2267 3577 2782 3644 transcribebantur,
2807 3577 3007 3648 aliquid
3038 3591 3146 3647 pra:
3177 3590 3236 3633 se
3265 3584 3321 3632 et
3354 3575 3410 3632 in
3452 3588 3514 3630 se
3541 3573 3678 3630 ferre
3697 3567 3818 3643 quod

2263 3671 2447 3726 laudes
2479 3669 2809 3739 posteritatis
2838 3670 3008 3740 possit
3035 3668 3303 3724 obtinere.
3345 3665 3510 3724 Certe
3539 3665 3696 3722 multa
3715 3667 3818 3734 qua

2263 3776 2406 3817 nunc
2431 3761 2573 3832 typis
2599 3760 2755 3816 facile
2783 3760 2926 3815 edita
2955 3769 3012 3816 et
3055 3757 3589 3830 magniﬁcentissime
3629 3753 3818 3826 quidem

2261 3867 2480 3920 excusa,
2529 3853 2817 3909 aeternitati
2845 3852 3244 3924 quodammodo
3261 3849 3721 3914 commendantur,
3741 3862 3818 3903 ve-

2262 3957 2386 4008 reor
2413 3951 2472 3997 ut
2503 3953 2621 4012 post
2649 3943 2930 3999 duodecim
2957 3952 3051 3999 aut
3076 3942 3380 4014 quindecim
3410 3941 3608 3997 secula
3635 3939 3817 4011 patien-

2262 4042 2344 4088 ter
2374 4033 2654 4104 quisquam
2695 4034 2872 4105 legere
2899 4035 3178 4100 sustineat,
3221 4047 3344 4089 cum
3387 4032 3558 4102 gratia
3598 4040 3649 4087 et
3689 4028 3818 4084 favor

2260 4125 2517 4192 cessabit,
2567 4141 2689 4182 cum
2737 4126 2978 4196 judicare
3023 4125 3193 4182 libere
3237 4123 3442 4180 licebit.
3489 4122 3622 4178 Huic
3662 4129 3815 4176 autem

2263 4215 2592 4286 praejudieio,
2620 4217 2764 4288 quod
2794 4216 3027 4286 antiquis
3053 4215 3304 4278 omnibus
3331 4213 3684 4283 scriptoribus
3700 4225 3816 4282 quo-

2261 4321 2380 4361 rum
2407 4315 2622 4363 exstant
2647 4321 2808 4376 opera
2839 4308 3000 4373 lavet,
3031 4306 3084 4377 3
3106 4306 3174 4362 ad
3197 4304 3546 4362 Dracontium
3573 4315 3818 4359 commen-

2259 4398 2490 4454 dandum
2518 4399 2726 4456 accedit
2751 4399 3007 4468 praeclara
3050 4398 3120 4453 de
3160 4412 3228 4453 eo
3274 4395 3602 4452 existimatio
3632 4410 3695 4451 ex
3735 4394 3819 4449 itu-

2261 4489 2497 4559 perlecta
2522 4490 2639 4560 ejus
2669 4499 2919 4559 poemate
2948 4489 3058 4558 jam
3088 4487 3289 4543 dudum
3309 4497 3592 4556 concepta.

2333 4585 2390 4637 4.
2417 4582 2549 4636 Cum
2589 4598 2716 4639 vero
2756 4585 2979 4639 ineunte
3011 4582 3209 4638 saeculo
3248 4599 3279 4635 v
3322 4581 3570 4638 ﬂoruerit
3609 4579 3818 4634 Dracon-

2262 4674 2391 4741 tius,
2413 4690 2520 4746 quo
2549 4677 2792 4744 tempore
2830 4685 2886 4732 et
2910 4674 3068 4731 bona:
3093 4671 3285 4730 littera:
3314 4673 3590 4744 vigebant,
3621 4681 3674 4728 et
3697 4668 3820 4724 Lati-

2262 4766 2444 4822 nitatis
2473 4781 2578 4822 non
2623 4767 3032 4825 contemnendae
3076 4765 3363 4838 peculiaris
3389 4765 3607 4836 quidam
3636 4770 3817 4834 gustus,

2181 4884 2231 4949 ρ
2263 4857 2560 4949 praesertim
2608 4858 2662 4912 in
2713 4860 2906 4928 poetis,
2957 4865 3256 4949 supererat,
3307 4864 3365 4912 et
3387 4857 3636 4949 doctrina
3673 4852 3821 4908 eccle-

2259 4948 2598 5003 siasticarum
2629 4963 2810 5003 rerum
2852 4963 3123 5004 summum
3164 4948 3374 5018 apicem
3417 4946 3686 5017 attigerat,
3729 4955 3822 4997 non

2258 5035 2446 5092 dubito
2469 5038 2595 5107 quin
2627 5046 2735 5092 tam
2763 5053 2932 5094 sacrze
2957 5053 3117 5108 quam
3137 5038 3375 5107 profana:
3397 5038 3709 5093 litteratura
3727 5041 3823 5087 stu-

2259 5124 2394 5182 diosi
2436 5127 2693 5184 ambabus
2745 5127 2888 5184 ulnis
2930 5142 3108 5183 meum
3156 5128 3429 5198 excipiant
3476 5124 3820 5182 Dracontium.

2264 5221 2340 5276 De
2365 5221 2518 5290 cujus
2549 5220 2796 5277 laudibus
2827 5221 2979 5291 plura
3008 5237 3114 5276 non
3144 5219 3350 5287 dicam,
3392 5234 3462 5276 ne
3491 5220 3633 5274 forte
3655 5216 3826 5283 aliquis

2259 5326 2324 5367 ex
2351 5310 2554 5368 Lucilio
2583 5312 2723 5382 apud
2739 5312 2804 5369 A.
2829 5311 3059 5369 Gellium
3082 5313 3174 5369 lib.
3202 5327 3282 5376 tu.
3313 5309 3554 5381 ωυρμ,
3577 5314 3822 5379 opponat:

2323 5421 2534 5486 Quidni?
2554 5431 2606 5472 et
2622 5431 2780 5472 scruta
2802 5421 3002 5486 quidem
3026 5429 3079 5472 ut
3101 5423 3281 5486 vendat
3297 5424 3570 5486 scrutarius
3584 5419 3756 5477 laudat,

2323 5482 2632 5534 Prefractam
2656 5482 2916 5547 strigilem,
2935 5484 3118 5534 soleam
3141 5485 3391 5546 improbus
3406 5483 3718 5532 dimidiatam.

2264 5565 2414 5633 Quod
2467 5566 2520 5621 in
2568 5565 2910 5623 Dracontium
2955 5566 3140 5622 multis
3187 5566 3319 5621 locis
3354 5565 3532 5620 adbue
3577 5561 3825 5620 mutilum.

2268 5657 2452 5712 multis
2478 5666 2786 5727 corruptum
2820 5660 2990 5727 possit
3016 5659 3322 5714 convenire.
3367 5657 3483 5724 Qua
3512 5656 3565 5712 in
3594 5670 3651 5710 re
3678 5655 3720 5708 si
3745 5651 3827 5706 de-

2267 5746 2514 5804 fensione
2543 5763 2678 5819 Opus
2698 5749 2786 5816 sit,
2819 5749 3093 5806 advocabo
3119 5749 3470 5820 antiquarios,
3502 5747 3590 5817 qui
3611 5745 3831 5811 prolixa:

2265 5837 2700 5903 dissertationes.
2731 5855 2793 5895 ac
2825 5840 2966 5905 iusta
3006 5840 3278 5898 volumina
3316 5839 3383 5896 de
3417 5837 3640 5895 semeals
3662 5845 3832 5894 cerro-
