3994 6290
232 374 342 430 δθί

1632 377 1898 436 PRULEG
1905 379 2088 436 eum
2095 381 2156 437 AI

3404 389 3508 450 609

231 506 316 547 εκ
360 491 592 563 alicujus
623 493 988 564 inscriptionis
1034 495 1234 550 veteris
1279 494 1455 550 verbis
1501 482 1828 559 coniiciunt;
1858 498 1909 557 Λ
1937 480 2106 554 storis
2149 481 2408 572 Lausiaca
2451 499 2672 557 Palladii
2715 517 2841 574 cap.
2889 500 2991 568 10,
3033 512 3087 558 ει
3125 503 3176 558 in
3217 501 3507 562 Heraclidis

233 586 500 644 excitabo
541 595 786 644 auctores
833 587 1281 658 conjecturarum,
1331 588 1708 661 probabilium,
1737 603 1830 644 va-

232 679 453 735 riarum
484 679 798 744 lectionum,
824 679 1276 747 adversariorum,
1325 681 1414 751 qui
1459 681 1573 736 loca
1603 679 1832 749 scripto-

155 753 169 764 ’
231 783 363 824 rum
398 770 632 826 obscura
665 770 905 826 invenire
925 771 1168 842 cupiunt,
1201 786 1265 826 ac
1297 771 1612 841 plerumque
1638 769 1830 825 obscu-

231 861 462 917 ritatem
498 862 600 932 ipsi
630 861 730 917 sibi
763 861 988 932 lingunt,
1035 871 1093 917 ut
1138 862 1337 933 ingenii
1386 877 1610 920 acumen
1646 871 1830 918 osten-

231 962 378 1009 tent.
415 954 620 1009 Praesto
651 953 782 1009 mihi
814 953 914 1009 erit
936 953 1140 1008 auxilio
1163 955 1339 1010 omnis
1369 955 1484 1011 haec
1505 967 1717 1022 manus,
1743 967 1827 1023 ac,

232 1047 389 1118 quod
420 1047 600 1102 aiebat
627 1045 876 1102 Horatius
904 1053 1007 1102 sat.
1033 1044 1089 1112 4,
1119 1045 1213 1101 lib.
1245 1060 1261 1100 ι
1287 1063 1299 1100 :

295 1221 464 1273 Judaei
483 1233 715 1285 cogemus
733 1223 785 1270 in
818 1221 945 1271 hanc
967 1210 1242 1271 concedere
1261 1157 1522 1270 332$.”
1590 1200 1592 1203 l

309 1327 370 1384 ὅ.
403 1327 533 1394 Sed,
567 1335 624 1382 ut
652 1326 705 1382 id
733 1325 877 1397 quod
925 1326 978 1381 in
1009 1325 1092 1380 his
1119 1323 1510 1396 prolegomenis
1539 1323 1829 1393 explanan-

231 1419 370 1475 dum
413 1420 626 1492 suscepi
658 1433 954 1490 exsequar,
998 1418 1287 1474 videndum
1321 1425 1404 1472 est
1444 1414 1572 1487 quid
1615 1425 1826 1471 veteres

231 1512 372 1566 olim
400 1511 472 1568 de
501 1511 792 1567 Dracontio
819 1511 1076 1581 scriptum
1099 1509 1440 1578 reliquerint,
1473 1506 1602 1577 quid
1633 1520 1824 1562 recen-

232 1612 320 1658 tes
370 1602 461 1658 alii
505 1603 948 1675 escogitaverint,
995 1610 1055 1657 ut
1097 1617 1166 1657 ex
1209 1601 1424 1670 scriptis
1462 1600 1577 1670 ejus
1607 1599 1821 1654 tandem

230 1695 562 1752 concludam
604 1706 658 1751 et
706 1695 986 1752 ostendam
1037 1693 1165 1763 quid
1211 1693 1265 1748 in
1316 1693 1399 1748 his
1429 1692 1822 1748 narrationibus

230 1789 530 1844 tenendum
581 1789 673 1853 sit,
724 1788 851 1858 quid
906 1785 1274 1858 rejiciendum.
1326 1786 1426 1853 Qui
1476 1785 1819 1841 Dracontium

1934 589 2188 645 Paradiso
2219 605 2338 660 pag.
2372 591 2498 657 940,
2548 594 2602 648 in
2637 593 2773 648 Vitis
2805 593 3023 649 Patrum
3049 593 3356 666 Bosweydi.
3402 595 3506 652 Sed

1933 693 2108 752 neque
2143 680 2229 737 hic
2253 683 2547 739 monachus
2590 699 2712 740 cum
2752 694 2936 741 nostro
2966 684 3256 744 Dracontio
3284 686 3481 742 conIun

1932 773 2141 830 dendus
2165 784 2271 831 est.
2298 775 2355 830 In
2386 776 2627 846 epistolis
2655 778 2710 834 S.
2741 777 2843 833 Nili
2881 777 3173 848 interprete
3210 777 3391 836 Leone
3416 781 3482 837 Al

1929 864 2060 922 latio
2101 864 2194 922 lib.
2239 883 2279 933 ι,
2327 867 2554 938 epistola
2585 870 2713 936 3H,
2750 869 2946 926 dicitur
2981 872 3137 927 missa
3181 872 3504 943 Dracontio;

1931 957 2024 1014 lib.
2049 974 2106 1025 ιι,
2132 958 2362 1029 epistola
2379 959 2507 1028 527,
2536 961 2820 1018 Dracontio
2843 961 3082 1030 Vindici;
3113 965 3302 1022 eodem
3329 967 3422 1022 lib.
3447 984 3504 1034 ιι,

1929 1049 2157 1121 epistola
2185 1050 2274 1118 94,
2303 1051 2591 1107 Dracontio
2616 1054 2907 1120 monacho;
2935 1056 3031 1111 lib.
3056 1072 3133 1123 ιιι,
3167 1060 3390 1128 epistola
3413 1060 3503 1126 36,
3550 1036 3556 1082 Ῑ

1929 1145 2120 1198 rursus
2151 1143 2444 1198 Dracontio
2470 1145 2760 1200 monacho.
2794 1145 2917 1201 llaec
2939 1156 3205 1218 postrema
3235 1150 3453 1219 epistola
3475 1165 3505 1204 a

1928 1233 2330 1290 Montiauconio
2371 1235 2423 1291 in
2466 1236 2640 1292 Catal.
2673 1237 2922 1293 biblioth.
2956 1239 3211 1296 Coislian.
3247 1241 3367 1297 cod.
3403 1242 3507 1298 565

1927 1326 2245 1382 inscribitur
2278 1327 2328 1399 5
2372 1326 2655 1384 Dracontio
2685 1327 2940 1385 Diacono.
2983 1329 3132 1385 Nilus
3167 1332 3410 1402 quidem,
3447 1335 3504 1389 S.

1926 1416 2150 1492 Joannis
2183 1417 2559 1492 Chrysostomi
2591 1422 2886 1492 discipulus
2909 1463 2922 1485 ,
2959 1422 3260 1480 Theodosio
3287 1424 3518 1480 Juniore,

1928 1509 2260 1580 imperatore
2303 1512 2544 1578 vivebat;
2590 1513 2684 1569 sed
2745 1514 2843 1569 hos
2888 1513 3203 1571 Dracontios
3245 1530 3276 1570 a
3324 1527 3506 1572 nostro

1927 1598 2168 1657 diversos
2188 1602 2358 1658 videri
2385 1619 2451 1659 ex
2475 1604 2591 1674 ejus
2617 1592 2950 1661 carminibus
2975 1606 3292 1662 ostenditur.

1999 1693 2053 1746 7.
2087 1691 2252 1763 Igitur
2291 1695 2492 1765 primus
2535 1695 2593 1751 S.
2641 1696 2878 1752 Isidorus
2926 1698 3195 1754 Dracontii
3239 1701 3501 1766 meminit,

1927 1785 2069 1840 inter
2113 1785 2506 1843 ecclesiasticos
2551 1789 2846 1858 scriptores
2886 1806 3008 1845 eum
3058 1806 3344 1848 recensens
3381 1808 3500 1862 cap.

231 1881 461 1952 proprio
505 1883 724 1938 nomine
765 1880 1150 1952 appellaverit,
1201 1879 1560 1950 antiquiorem
1614 1878 1820 1934 Isidoro
1848 1865 1898 1927 Β
1923 1876 2012 1942 57,
2037 1875 2123 1931 his
2144 1877 2323 1933 verbis
2357 1896 2370 1930 :
2404 1879 2716 1935 Dracontius
2736 1883 3018 1952 composuit
3042 1883 3258 1938 heroicis
3279 1885 3500 1940 uersibus

229 1975 415 2044 reperi
446 1975 736 2030 neminem.
768 1971 958 2030 Exstat
985 1972 1200 2043 quidem
1216 1972 1501 2028 Dracontii
1539 1988 1732 2028 nomen
1759 1973 1816 2028 in

229 2069 428 2125 codice
471 2067 870 2133 Tbeodosiano,
918 2067 1004 2122 ubi
1045 2066 1223 2135 plures
1260 2075 1515 2135 apparent
1557 2065 1702 2136 leges
1748 2066 1817 2122 ad

229 2176 360 2216 eum
384 2161 606 2218 directas
629 2176 772 2216 anno
801 2162 928 2226 565,
960 2158 1083 2224 565,
1116 2157 1241 2224 567,
1275 2173 1394 2213 cum
1423 2159 1656 2215 vicarius
1682 2158 1816 2215 Afri-

229 2267 312 2308 cae
345 2261 510 2318 esset,
543 2253 610 2308 de
631 2267 738 2323 quo
768 2251 934 2308 videri
967 2261 1143 2321 potest
1170 2251 1589 2308 commentarius
1614 2250 1817 2307 Gotho-

227 2343 367 2398 fredi
394 2342 463 2398 ad
491 2344 594 2414 leg.
627 2344 693 2397 l6
715 2342 785 2398 de
812 2358 938 2398 ann.
972 2353 1026 2399 et
1054 2345 1177 2400 trib.
1213 2344 1410 2400 Verum
1437 2343 1706 2414 antiquior
1726 2342 1816 2398 hic

227 2446 316 2493 est
337 2451 496 2507 quam
519 2444 577 2491 ut
598 2436 676 2492 illi
695 2436 936 2492 carmina
957 2436 1057 2491 sub
1080 2435 1348 2492 Dracontii
1374 2436 1589 2491 nomine
1608 2434 1814 2491 edenda

227 2530 396 2585 tribui
441 2538 682 2600 possent,
731 2529 834 2584 nisi
888 2529 932 2584 si
985 2529 1121 2584 forte
1161 2528 1215 2583 in
1258 2537 1499 2584 extrema
1537 2535 1812 2583 senectute

226 2621 555 2676 constitutus
583 2635 645 2676 ea
677 2619 1080 2690 conscripserit.
1113 2620 1266 2689 Quod
1308 2630 1482 2675 tamen
1529 2627 1588 2674 ut
1619 2635 1810 2691 negem

225 2712 317 2768 illa
347 2729 438 2770 me
469 2713 692 2784 impellit
724 2714 881 2780 ratio,
932 2715 1074 2785 quod
1125 2730 1246 2769 cum
1293 2714 1608 2770 Dracontius
1651 2713 1706 2785 4
1743 2713 1813 2768 de

224 2808 486 2862 :erumnis
507 2821 641 2876 quas
671 2808 970 2878 patiebatur
1004 2809 1169 2862 multa
1199 2806 1414 2875 dixerit,
1466 2806 1597 2861 nihil
1627 2805 1693 2860 de
1718 2819 1810 2860 se-

223 2901 317 2956 nio
352 2899 570 2955 locutus
595 2908 708 2964 est;
742 2899 882 2967 quod
911 2899 1131 2954 minime
1160 2897 1399 2969 oportuit
1440 2897 1710 2963 omittere,
1754 2906 1812 2951 ιιι

223 2992 295 3046 ita
330 2990 540 3046 facilius
565 2991 774 3046 veniam
804 3005 834 3045 a
863 3005 988 3060 rege
1009 2989 1370 3045 Vandalorum
1402 2990 1732 3059 impetraret,
1756 2999 1811 3044 et

221 3082 358 3138 liber
387 3100 418 3138 e
447 3097 662 3138 carcere
691 3081 1072 3138 dimitteretur.
1106 3081 1349 3138 Julianus
1374 3078 1810 3156 archipresbyter

221 3174 276 3230 in
302 3176 654 3246 supposititio
680 3189 846 3244 opere
873 3173 1096 3228 Advers.
1143 3171 1251 3227 498
1294 3166 1638 3226 Dracontium
1672 3183 1806 3238 poe-

1921 1970 2282 2027 Hexaemeron
2318 1977 2590 2030 creationis
2638 1979 2840 2043 mundi,
2885 1989 2932 2034 et
2981 1981 3260 2036 luculenter
3297 1983 3498 2053 quidem

1919 2065 2205 2134 composuit
2247 2074 2295 2119 et
2338 2067 2562 2136 scripsit.
2614 2065 2747 2124 Cum
2785 2069 2900 2125 htcc
2941 2071 3205 2128 scribebat
3245 2073 3495 2142 Isidorus,

1919 2169 2026 2210 non
2052 2156 2157 2212 alia
2182 2159 2423 2214 carmina
2463 2159 2732 2217 Dracontii
2760 2163 2969 2220 videtur
2990 2166 3277 2234 agnovisse
3303 2177 3496 2236 praater

1917 2247 2113 2304 librum
2147 2250 2378 2321 primum
2407 2252 2661 2308 carminis
2687 2254 2756 2308 de
2785 2254 2918 2320 Deo,
2976 2256 3065 2325 qui
3093 2271 3121 2309 a
3151 2255 3351 2326 reliquo
3379 2271 3498 2311 cor-

1916 2356 2047 2410 pore
2097 2353 2372 2412 separatus
2440 2343 2550 2414 jam
2607 2353 2746 2409 tunc
2796 2355 2911 2400 erat
2947 2385 2962 2412 ,
3025 2355 3080 2400 et
3137 2345 3496 2402 Hexaemeron

1916 2433 2233 2504 inscriptus;
2266 2443 2321 2490 et
2348 2436 2560 2506 quidem
2609 2437 2762 2492 valde
2801 2446 3118 2507 corruptus,
3170 2447 3226 2491 ut
3259 2453 3330 2492 ex
3383 2438 3492 2492 alio

1916 2524 2036 2580 loco
2068 2524 2255 2581 lsidori
2299 2535 2476 2596 potest
2514 2523 2890 2582 demenstrari.
2941 2526 3213 2596 Siquidem
3257 2527 3349 2582 lib.
3404 2542 3479 2581 xu

1915 2617 2120 2687 Etym.,
2162 2632 2280 2688 cap.
2325 2619 2381 2684 2,
2431 2619 2499 2672 ita
2545 2617 2707 2674 habet
2747 2635 2759 2671 :
2794 2619 3107 2674 Ichneumon
3136 2618 3311 2674 Graec
3336 2635 3486 2673 voca-

1915 2719 1996 2764 tus
2025 2727 2082 2764 eo
2104 2713 2243 2782 quod
2269 2712 2425 2766 odore
2448 2728 2541 2767 suo
2562 2722 2608 2767 et
2637 2713 2864 2768 salubria
2901 2715 3149 2779 ciborum,
3177 2724 3222 2770 st
3248 2731 3494 2770 venenosa

1915 2802 2218 2868 prodantur.
2274 2801 2348 2856 De
2402 2821 2502 2874 quo
2542 2803 2851 2859 Dracontius
2874 2806 2947 2859 ait
2977 2821 2998 2860 :
3029 2804 3273 2860 Prtedicit
3310 2805 3494 2861 suillus

1917 2892 2018 2945 vim
2037 2896 2388 2964 cujuscunque
2417 2897 2612 2950 veneni.
2640 2895 2842 2951 Suillus
2866 2907 3034 2952 autem
3060 2915 3092 2952 a
3121 2899 3240 2952 s'etis
3264 2905 3336 2952 est
3363 2915 3493 2952 nun-

1911 2992 2154 3053 cupatus.
2178 2984 2295 3051 Quo
2318 2985 2371 3040 in
2398 2984 2516 3041 loco
2543 2979 2826 3042 adnotato'r
2856 2986 3088 3043 Grialius
3117 2989 3365 3044 observat
3392 2989 3491 3043 ali-

1911 3083 1996 3128 ter
2022 3075 2122 3146 legi
2154 3077 2386 3144 praecidit
2417 3093 2513 3147 pro
2541 3079 2798 3148 prwdicit.
2855 3077 3162 3140 Gsllandius
3184 3082 3239 3135 in
3264 3081 3492 3138 editione

1912 3165 2180 3222 Dracontii
2211 3181 2393 3224 veram
2433 3170 2751 3242 scripturam
2808 3187 2930 3228 esse
2981 3170 3212 3244 priecidit
3252 3189 3318 3230 ex
3366 3188 3492 3229 con-

221 3238 458 3334 tam,-et
498 3267 692 3323 Africae
721 3238 995 3322 Ivicarium
1039 3265 1286 3321 eumdem
1327 3263 1596 3319 hominem
1642 3260 1802 3316 facit:
1836 3238 1886 3302 ο
1918 3268 2066 3315 textu
2094 3261 2324 3326 colligit;
2350 3263 2447 3318 sed
2476 3238 2817 3320 ex‘contextu
2844 3265 2960 3334 ipso
2981 3238 3274 3334 'pratieram
3306 3250 3492 3335 prmiti-

219 3360 315 3415 sed
347 3361 490 3414 illius
516 3359 803 3414 auctoritas
833 3357 979 3412 nulla
1010 3365 1114 3424 est,
1144 3355 1327 3428 Opinio
1363 3354 1512 3411 omni
1541 3351 1804 3424 probabili

219 3451 572 3506 lundamento
599 3459 766 3515 caret,
798 3459 854 3504 ut
877 3449 1009 3505 dixi.

285 3544 342 3600 6.
374 3542 526 3598 Alius
547 3552 692 3598 certe
714 3556 744 3596 a
766 3550 950 3596 nostro
968 3549 1052 3597 est
1073 3541 1394 3595 Dracontius
1418 3546 1646 3593 moneta
1669 3551 1806 3606 pra:-

216 3639 426 3708 positus
458 3638 557 3692 sub
583 3635 797 3691 Iuliano
826 3635 1152 3705 imperatore
1177 3675 1192 3700 ,
1221 3634 1374 3702 cujus
1404 3630 1648 3686 meminit
1675 3631 1803 3684 Am-

216 3731 432 3786 mianus
461 3730 558 3787 lib.
591 3743 726 3796 χχιι,
745 3729 834 3799 qui
859 3736 1040 3783 narrat
1065 3740 1187 3782 eum
1209 3740 1239 3779 a
1263 3723 1551 3795 gentilibus
1571 3721 1802 3776 Alexan-

215 3821 348 3878 dri-.1:
403 3821 568 3880 fuisse
618 3822 877 3887 occisum,
935 3821 1057 3890 quia
1101 3832 1246 3872 aram
1295 3814 1350 3870 in
1388 3823 1602 3870 moneta
1642 3827 1799 3882 quam

211 3913 462 3983 regebat,
492 3927 679 3967 recens
710 3911 934 3967 locatam
965 3909 1178 3966 evertit.
1209 3907 1486 3963 Assentior
1517 3905 1676 3960 etiam
1701 3904 1802 3959 Fa-

215 4005 408 4072 bricio,
440 4006 529 4075 qui
551 4006 604 4061 in
629 4005 763 4061 Bibl.
787 4006 930 4060 med.
959 4012 1011 4059 et
1039 4002 1134 4058 inl'.
1155 4001 1275 4056 Lat.
1304 4016 1332 4055 a
1366 4011 1521 4070 poeta
1542 3998 1644 4054 hoc
1664 3998 1799 4053 Dra-

213 4098 398 4153 contio
424 4095 700 4166 distinguit
721 4105 832 4150 tum
853 4093 1194 4149 Dracontium
1213 4092 1524 4161 episc0pum
1548 4089 1615 4144 ad
1639 4103 1798 4159 quem

212 4189 334 4243 data
368 4200 451 4243 est
477 4187 713 4256 epistola
744 4186 802 4241 S.
832 4184 1110 4240 Athanasii
1141 4193 1270 4237 tom.
1304 4181 1345 4246 I,
1375 4196 1495 4250 pag.
1525 4179 1614 4246 65,
1663 4179 1795 4234 edit.

211 4280 529 4344 Manliana,
562 4279 628 4333 de
659 4293 764 4348 quo
791 4276 978 4332 confer
1025 4272 1161 4328 infra
1220 4287 1367 4326 num.
1399 4272 1496 4336 32;
1541 4280 1653 4325 tum
1684 4270 1799 4340 epi-

210 4388 440 4442 scopum
470 4371 807 4425 Dracontium
828 4370 895 4424 ab
912 4366 1193 4422 Acacianis
1221 4377 1274 4420 et
1299 4363 1511 4420 Arianis
1537 4364 1590 4418 in
1618 4364 1801 4418 conci-

212 4466 281 4519 lio
320 4461 922 4531 Constantinopolitano
967 4461 1270 4531 depositum
1296 4497 1311 4522 ,
1368 4456 1435 4510 de
1482 4470 1588 4526 quo
1631 4465 1798 4525 agunt

209 4557 470 4610 Socrates
499 4553 593 4607 lib.
628 4569 686 4619 ιι,
715 4567 831 4622 cap.
865 4551 955 4617 62,
987 4559 1042 4605 ει
1067 4549 1400 4606 Sozomenus
1428 4547 1522 4600 lib.
1546 4561 1619 4609 tv,
1669 4559 1792 4614 cap.

1911 3352 1999 3406 cit.
2061 3353 2117 3408 In
2158 3354 2345 3408 suillus
2379 3369 2533 3410 error
2558 3355 2871 3412 manifestus
2891 3364 2993 3427 est,
3023 3373 3182 3428 quem
3205 3359 3378 3428 neque
3407 3357 3491 3414 lsi-

1863 3458 1868 3464 '
1912 3447 2083 3501 dorus
2112 3445 2226 3516 ipse
2267 3448 2640 3517 deprehendit.
2689 3451 2807 3505 Non
2853 3451 2993 3506 enim
3035 3451 3491 3520 deﬁcimeumont

1917 3537 2264 3604 Dracontius,
2298 3540 2392 3594 sed
2423 3541 2490 3596 de
2511 3539 2704 3612 Psyllis
2729 3542 2923 3598 Africa:
2951 3543 3160 3612 p0pulis
3191 3545 3455 3614 loquitur:

2036 3629 2263 3692 [inspecta
2288 3629 2466 3679 tellure
2485 3631 2661 3688 setnel,
2683 3634 2790 3681 sine
2815 3633 3006 3684 ﬂatibus
3028 3634 3154 3692 ullis,
3201 3629 3207 3642 '

2033 3689 2190 3756 §ibila
2207 3691 2320 3756 dum
2347 3694 2576 3756 reticent,
2601 3694 2808 3756 necdum
2832 3704 3067 3754 serpente
3091 3689 3275 3756 notato,

2034 3751 2472 3817 PraedicitPsyllus
2504 3754 2596 3802 vim
2621 3751 2954 3817 cujuscunque
2980 3758 3174 3806 veneni.

2029 3812 2180 3876 Signa
2205 3815 2340 3864 videt
2362 3815 2580 3864 medicus
2601 3812 2788 3872 mortis.
2814 3812 2905 3866 etc.

1907 3897 1974 3953 Et
1992 3907 2175 3969 postea
2201 3899 2499 3954 concludit:

2032 3989 2156 4039 Ecce
2180 4001 2340 4050 genus
2360 3991 2608 4039 hominum
2633 3999 2836 4041 ventura
2858 3992 2984 4042 scire
3007 3991 3251 4054 probatur.

1979 4073 2038 4129 8.
2065 4070 2254 4127 Tacito
2284 4073 2556 4128 Dracontii
2601 4074 2817 4129 nomine
2858 4074 3020 4130 verba
3059 4089 3122 4129 ex
3163 4073 3280 4143 ejus
3320 4073 3484 4146 elegia

1904 4163 2126 4233 protulit
2164 4161 2400 4218 lsidorits
2429 4162 2522 4219 lib.
2555 4179 2605 4218 Vl
2636 4163 2836 4235 Etym.,
2865 4179 2981 4234 cap.
3013 4164 3047 4220 9
3078 4179 3093 4217 :
3136 4163 3277 4219 Cerae
3296 4165 3484 4219 littera-

1901 4271 2020 4308 rum
2052 4257 2304 4323 materies,
2349 4257 2682 4325 parvulorum
2726 4258 2978 4326 nutrices,
3011 4255 3152 4327 [pste
3191 4257 3315 4310 dant
3347 4257 3485 4326 inge.

1904 4347 2046 4400 nium
2075 4348 2248 4416 pueris
2271 4347 2555 4418 primordia
2575 4363 2768 4402 sensus.
2799 4347 3028 4403 Grialius
3065 4349 3116 4401 in
3143 4349 3283 4402 notis
3310 4348 3485 4403 anim-

1905 4437 2138 4492 advertit
2171 4451 2386 4492 versum
2417 4438 2560 4492 hunc
2593 4453 2714 4494 esse
2749 4438 3012 4494 Dracontii
3041 4438 3132 4492 lib.
3176 4453 3212 4493 ιι
3261 4439 3328 4494 de
3373 4439 3483 4494 Ma-

1902 4527 2064 4582 china
2099 4527 2280 4582 mundi
2310 4544 2324 4584 :
2364 4527 2435 4582 ita
2463 4529 2608 4584 enim
2633 4539 2790 4585 vocat
2820 4529 2908 4584 ille
2937 4529 3162 4600 elegiam
3192 4529 3482 4586 Dracontii.

209 4645 296 4699 24.
352 4645 410 4700 In
447 4614 683 4715 epistula
705 4614 958 4715 synodica
1007 4643 1221 4698 concilii
1264 4639 1612 4696 Alexandrini
1653 4654 1796 4694 anno

1918 4618 2055 4690 Legit
2091 4628 2270 4672 autem
2293 4634 2358 4673 ex
2387 4634 2488 4673 ms.
2519 4620 2642 4674 cod.
2675 4621 2938 4676 Dracontii
2967 4639 2978 4673 :

209 4739 340 4804 562,
375 4755 537 4809 quam
556 4738 805 4802 Eusebio,
831 4735 1099 4800 Lucifero,
1123 4742 1252 4798 etc.,
1278 4735 1608 4802 scripserunt
1633 4731 1800 4785 Atha-

209 4833 396 4886 nasius
425 4831 712 4899 ctcterique
737 4827 977 4897 episc0pi
1019 4827 1110 4897 qui
1150 4823 1488 4880 Alexandriae
1525 4838 1590 4877 ex
1625 4820 1798 4886 Italia,

209 4923 436 4988 Arabia,
470 4919 696 4992 Egypto
723 4929 778 4976 et
803 4912 983 4990 Libya
1003 4917 1246 4984 aderant,
1277 4917 1420 4970 inter
1444 4929 1538 4970 eos
1565 4913 1653 4984 qni
1676 4928 1800 4968 cum

209 5013 510 5069 Athanasio
538 5013 778 5068 scribunt
805 5013 1112 5066 nominatur
1140 5009 1478 5064 Dracontius.
1517 5006 1572 5060 In
1600 5005 1715 5061 Vita
1738 5004 1799 5061 S.

210 5103 508 5158 Ililarionis
534 5111 755 5158 auctore
782 5103 839 5158 S.
875 5102 1203 5172 Hieronymo
1229 5116 1351 5169 cap.
1381 5099 1476 5165 25,
1509 5099 1718 5153 mentio
1743 5099 1804 5152 iit

208 5195 487 5250 Dracontii
511 5196 748 5264 episc0pi
771 5205 824 5250 et
849 5194 1196 5261 confessoris,
1217 5193 1304 5263 qui
1325 5194 1480 5260 jussu
1500 5188 1804 5246 Constantii

206 5290 270 5342 ad
302 5297 545 5342 c-istrum
574 5288 872 5342 Thebatum
895 5286 1194 5342 exsulabat.
1234 5285 1316 5340 Ab
1342 5285 1425 5339 his
1455 5286 1725 5346 omnibus,
1759 5281 1805 5338 si

208 5389 392 5432 tamen
433 5392 621 5433 omnes
666 5378 806 5433 inter
853 5393 912 5433 se
961 5388 1083 5434 sunt
1126 5377 1404 5443 distincti,
1457 5377 1804 5432 Dracontium

207 5481 463 5526 nostrum
481 5480 534 5524 et
564 5478 830 5540 tempora,
853 5481 906 5525 et
930 5472 1166 5525 rationes
1189 5471 1310 5524 vita:
1337 5472 1402 5522 ab
1429 5486 1494 5524 eo
1523 5471 1801 5535 institutae,

205 5572 476 5630 quantum
519 5560 734 5630 quidem
775 5577 841 5616 ex
887 5571 1131 5631 poemate
1163 5560 1230 5615 de
1275 5561 1384 5614 Deo
1423 5569 1477 5615 et
1522 5576 1586 5615 ex
1622 5561 1802 5630 Elegia

205 5655 514 5724 colligitur,
552 5655 686 5709 satis
712 5665 898 5725 aperte
927 5654 1257 5711 discernunt.
1303 5655 1528 5724 Propius
1569 5656 1633 5709 ad
1665 5655 1800 5710 Dra-

207 5744 384 5801 contii
433 5745 603 5800 nostri
647 5753 860 5804 aetatem
907 5747 1133 5815 accessit
1163 5745 1479 5800 Dracontius
1507 5744 1801 5813 discipulus

219 5831 522 5894 Pambonis
544 5834 772 5900 abbatis,
812 5837 900 5902 qui
940 5837 1020 5894 vir
1050 5837 1376 5895 adtttitabilis
1407 5837 1601 5895 dicitur
1631 5839 1683 5895 in
1719 5840 1799 5896 hi-

2026 4711 2148 4774 Cct'a
2163 4711 2258 4774 idat
2283 4711 2536 4772 ingenium
2563 4713 2728 4774 pueris
2745 4711 3002 4773 primordia
3025 4724 3211 4774 sensus,

2089 4772 2210 4821 lude
2234 4771 2286 4821 lit
2310 4771 2360 4821 ut
2388 4771 2586 4833 praestet
2605 4771 2766 4824 littera
2786 4774 2863 4823 vel
2889 4782 3077 4823 noceat.

1907 4879 2081 4947 Atque
2107 4879 2178 4932 ita
2205 4887 2386 4949 postea
2413 4878 2613 4933 editum
2645 4879 2741 4934 luit
2770 4879 2822 4933 in
2844 4878 3083 4934 editione
3114 4877 3484 4934 Sirmondiam

1907 4978 1962 5024 et
1984 4969 2287 5024 Matritensi
2315 4970 2370 5040 θ
2399 4969 2610 5024 Patrum
2640 4969 3044 5024 Toletanorum.
3093 4968 3200 5023 Nec
3244 4968 3482 5038 displicet

1910 5045 2123 5130 quidem
2152 5068 2375 5131 prtestet,
2407 5060 2499 5115 sed
2525 5059 2800 5130 praeferam
2827 5061 2986 5128 prosit
3012 5074 3132 5115 cum
3161 5061 3482 5116 membranis

1913 5153 2302 5222 antiquissimis
2326 5153 2615 5208 Vaticanis.
2673 5152 2751 5206 Ex
2777 5151 2963 5207 eadem
3001 5152 3171 5222 elegia
3217 5154 3482 5209 Dracontii

1913 5244 2092 5312 plures
2115 5259 2303 5299 versus
2334 5244 2544 5312 reperio
2571 5260 2600 5298 a
2630 5244 2687 5299 S.
2720 5243 3073 5314 Columbano,
3105 5255 3230 5300 ante
3275 5246 3334 5301 S.
3389 5247 3486 5300 lsi-

1913 5337 2103 5389 dorum
2137 5335 2481 5399 nominando,
2514 5338 2916 5406 acccptos,qni,
2942 5347 2999 5391 ut
3041 5353 3070 5391 a
3107 5336 3410 5398 Prudentio,
3437 5347 3484 5390 et

1913 5429 1980 5482 ab
2012 5427 2306 5482 Octaviano
2334 5428 2576 5481 Romano
2598 5427 2764 5495 (quod
2803 5436 2949 5494 putat
2975 5426 3306 5497 Gnldastus),
3351 5437 3405 5482 et
3426 5427 3482 5482 at

1910 5519 2032 5573 aliis
2060 5519 2214 5582 alios,
2249 5518 2319 5572 ita
2354 5517 2451 5571 hos
2476 5526 2747 5572 mutuatus
2772 5530 2854 5574 est
2880 5535 2908 5572 a
2944 5509 3230 5574 Dracontio
3276 5520 3331 5574 in
3373 5519 3480 5587 cpi.

1909 5608 2045 5663 stola
2088 5607 2155 5662 ad
2187 5605 2488 5661 ilunaldnm
2515 5644 2532 5671 ,
2583 5620 2744 5674 quam
2789 5608 3031 5664 nonnulli
3101 5607 3262 5663 setho
3305 5607 3475 5664 inscri-

1907 5697 2072 5754 bunt:

2029 5789 2201 5838 Omnia
2227 5797 2421 5852 tempus
2438 5789 2564 5848 agit,
2580 5800 2690 5837 cum
2711 5797 2934 5852 tempore
2958 5799 3129 5843 cuncta
3154 5779 3428 5844 trahuntur.

1910 5916 1914 5920 Δ
2014 5851 2292 5902 'Alternant
2321 5850 2569 5902 elementa
2589 5852 2738 5907 vices.
2765 5850 3056 5910 et‘temyora
3081 5862 3284 5906 mutant.
