4016 6280
535 387 634 459 δῦ

653 506 909 571 deripiunt
929 501 1192 571 augmenta
1210 500 1629 571 dles,_noetesque
1652 502 1877 552 vieissun.

651 562 892 629 'l‘emiiora
915 562 1027 616 sun't
1049 567 1234 629 ﬂorum,
1258 562 1441 614 retinet
1460 562 1997 629 sua'temporamessis.

653 622 894 691 Tempora
918 626 1178 686 gaudendi,
1202 622 1315 691 sunt
1336 632 1556 691 tempora
1577 622 1713 691 certa
1734 622 1952 691 dolendi.

654 685 957 748 Ven'zestas,
989 697 1271 747 autumnus.
1304 685 1478 743 hiems,
1502 686 1631 735 redit
1654 698 1807 748 annus
1839 685 1888 733 in
1911 695 2105 734 annum.

654 745 821 801 Omnia
846 745 955 803 cuni
976 745 1396 811 redeant,h0mini
1422 761 1510 798 sua
1530 760 1622 796 non
1649 745 1776 796 redit
1797 755 1929 795 tetas.

540 855 735 911 [lorum
765 852 1154 909 versiculorum
1182 850 1422 906 nonnulli
1447 851 1558 921 jam
1581 857 1794 905 exstant
1817 849 1953 920 typis
1978 847 2109 904 editi

539 952 587 1005 in
622 950 854 1005 editione
883 948 1174 1003 Matritensi
1202 948 1389 1018 elegiae
1426 947 1695 1003 Dracontii
1733 964 1743 998 :
1791 944 1927 999 alios
1967 943 2112 1014 leges

541 1044 592 1095 in
618 1051 857 1098 extrema
886 1039 1128 1109 ejusdem
1159 1040 1345 1110 elegize
1370 1050 1539 1109 parte,
1565 1056 1721 1111 quam
1746 1056 1809 1096 ex
1832 1039 1996 1095 veteri
2023 1046 2112 1093 co-

540 1132 658 1187 dice
686 1131 802 1186 Vat.
826 1132 1268 1187 evanescentibus
1293 1132 1401 1197 jam
1432 1132 1627 1185 litteris
1654 1140 1874 1187 exaralo
1913 1131 1981 1184 ah
2026 1130 2109 1184 in-

540 1226 699 1279 teritu
729 1223 1027 1278 vindicabo.
1067 1223 1385 1278 Sirmoudus
1416 1223 1631 1293 quidem
1670 1224 1720 1276 in
1751 1238 1845 1277 sua
1881 1221 2113 1277 Dracon-

543 1316 598 1369 tii
626 1315 860 1370 editione
885 1314 981 1369 hos
1002 1329 1189 1368 omnes
1230 1329 1416 1369 versus
1454 1314 1631 1368 omisit
1666 1331 1680 1368 ;
1726 1314 1832 1368 imo
1878 1328 1996 1368 cmn
2048 1311 2112 1366 ad

542 1405 770 1474 primum
800 1420 1011 1461 versum
1038 1404 1387 1475 pervenisset,
1423 1403 1608 1458 Omnia
1637 1415 1835 1473 tempus
1867 1404 1996 1475 agit,
2030 1404 2111 1457 lo-

543 1511 661 1552 cum
694 1496 907 1567 penitus
958 1512 1182 1551 vacunm
1230 1495 1463 1563 reliquit,
1512 1507 1581 1575 et.
1611 1496 1675 1549 ad
1725 1504 2113 1564 pentameirum

544 1587 885 1643 scribendum
914 1601 1226 1657 progressus
1244 1598 1356 1651 est,
1384 1584 1635 1651 Tempora
1656 1595 1773 1640 sunt
1801 1587 1931 1650 vita,
1966 1595 2073 1641 etc.
2097 1602 2112 1652 ;

544 1690 745 1735 etcum
772 1682 1005 1751 quinque
1043 1679 1147 1733 alia
1182 1677 1409 1733 disticha
1453 1678 1763 1743 addidisset,
1810 1680 1968 1732 linem
2004 1678 2118 1747 epi-

545 1773 693 1827 stolae
721 1771 971 1843 imposuit
1004 1787 1017 1826 :
1052 1772 1169 1825 sive
1206 1770 1325 1840 quia
1372 1770 1424 1825 in
1465 1786 1562 1825 suo
1600 1770 1786 1826 codice
1816 1770 1885 1824 ita
1923 1770 2114 1823 laetum

1910 334 2360 443 vascosanus.
2980 404 2987 409 -
3366 454 3369 457 _
3677 379 3764 438 σοι

2112 494 2306 566 ‘Aaut
2331 500 2555 557 audacia
2597 514 2866 556 mversum
2915 499 2969 555 in
3009 513 3140 555 mss.
3180 496 3340 554 cond.
3387 497 3636 552 inveniri.
3672 488 3762 550 Sed

2213 604 2362 653 certe
2385 604 2596 649 veteres
2611 601 2879 658 auctores,
2902 592 2994 662 qui
3024 591 3295 661 catalogos
3314 589 3638 658 scriptorum
3656 601 3763 642 con-

2212 686 2519 748 cinnarunt.
2547 684 2614 741 de
2642 693 2793 740 certo
2836 684 3010 739 aetatis
3058 681 3248 738 ordine
3278 678 3546 736 servando
3578 677 3761 734 solliciti

2213 792 2320 835 non
2348 773 2586 833 luerunt.

2840 864 3063 921 CAPUT
3108 864 3171 919 ll.

2218 960 2277 1016 S.
2315 960 2573 1033 Eugeniae
2597 958 2875 1015 Toletanua
2906 956 3259 1081 getaemerou
3310 955 3579 1009 Dracontii
3620 971 3736 1009 esten

2955 1044 3031 1081 avt
3061 1067 3073 1081 .

2955 1044 3073 1082 avtt.

2288 1121 2372 1176 10.
2419 1121 2547 1176 Post
2588 1120 2646 1177 S.
2692 1119 2954 1174 lsidorum
3011 1117 3268 1172 memoria
3313 1116 3579 1172 Dracontii
3618 1126 3759 1170 exstat

2218 1210 2356 1280 apud
2383 1210 2442 1267 S.
2471 1210 2762 1278 Eugenium
2791 1208 3107 1263 Toletannm
3143 1208 3301 1277 hujus
3330 1208 3583 1271 nominis,
3607 1216 3658 1260 ut
3676 1207 3757 1275 ple-

2216 1303 2369 1370 rique
2393 1303 2559 1357 exteri
2582 1310 2793 1364 vocant,
2821 1299 3134 1363 secundum,
3162 1307 3220 1354 ut
3246 1298 3414 1353 nostri
3438 1298 3655 1361 malunt,
3677 1307 3760 1351 terv-

2222 1394 2380 1457 tium;
2412 1401 2466 1447 et
2487 1402 2568 1446 est
2597 1390 2689 1445 ille
2716 1390 2928 1461 quidem
2954 1390 3012 1461 8
3037 1388 3249 1457 tertius,
3279 1402 3401 1442 nam
3446 1387 3647 1442 duobus
3679 1386 3761 1440 Eu-

2219 1483 2389 1554 geniis
2417 1482 2507 1554 qui
2546 1482 2845 1538 Gothorum
2865 1491 3107 1551 tempore
3138 1480 3434 1535 Ecclesiam
3477 1477 3759 1533 Toletanatu

2222 1587 2501 1639 rexerant,
2528 1576 2731 1646 primus
2760 1574 3029 1643 Eugenins
3052 1572 3422 1644 adjnngendus
3442 1583 3522 1627 est
3544 1572 3642 1627 aS.
3668 1571 3763 1625 Dio—

2224 1668 2375 1740 nysio
2400 1667 2623 1722 Parisiis
2649 1666 2895 1721 Toletum
2928 1666 3145 1731 missus,
3170 1664 3322 1733 cujus
3345 1662 3656 1733 martyrium
3682 1662 3764 1716 Ec.

2223 1761 2387 1815 clesva
2416 1746 2674 1816 Toletaua
2703 1768 2758 1815 et
2787 1758 3103 1813 Parisiensis
3146 1757 3423 1823 celebrat,
3478 1765 3533 1811 et
3577 1756 3642 1811 de
3682 1770 3765 1825 quo

545 1865 767 1932 invenit,
794 1864 927 1928 sive,
956 1872 1011 1917 ut
1050 1878 1148 1931 ego
1180 1863 1347 1934 magis
1390 1864 1575 1928 credo,
1621 1863 1743 1932 quia
1790 1878 1910 1916 cmn
1958 1861 2116 1918 simul
2150 1854 2460 1937 Bllldumns
2487 1851 2674 1919 abbas,
2706 1859 2762 1905 et
2787 1858 2975 1905 auctor
3003 1848 3139 1904 Vita:
3173 1850 3233 1904 S.
3267 1848 3500 1905 Gerardi
3537 1850 3766 1904 memine-

546 1969 761 2010 rarmen
814 1955 870 2009 S.
914 1953 1225 2011 Colutnhani
1278 1971 1398 2009 cum
1453 1954 1736 2009 Dracontio
1782 1964 1836 2009 et
1881 1954 2117 2026 Eugenio

550 2045 754 2112 ederet,
786 2060 972 2119 versus
993 2060 1127 2114 quos
1148 2043 1201 2099 in
1223 2043 1552 2101 Columbano
1580 2061 1698 2101 esse
1720 2046 2115 2114 animadvertit,

551 2140 601 2193 in
638 2137 920 2193 Dracontio
948 2136 1431 2206 prastermittendos
1468 2138 1700 2193 censuit.
1742 2137 1892 2207 Quod
1942 2150 2117 2193 autem

551 2231 917 2287 Columbanus
937 2247 966 2285 a
1002 2231 1285 2286 Dracontio
1312 2246 1405 2286 eos
1446 2248 1633 2288 versus
1663 2233 1974 2300 sumpserit,
2017 2248 2120 2287 non

552 2339 681 2379 vero
707 2322 1021 2378 Dracontius
1048 2338 1076 2375 a
1107 2324 1453 2393 Columbano,
1487 2334 1678 2394 printer
1698 2326 1957 2380 rationem
1982 2335 2117 2381 tem-

552 2416 699 2487 poris
726 2431 832 2486 quo
861 2424 1082 2485 uterque
1103 2414 1297 2481 ﬂoruit,
1345 2416 1624 2488 persuadet
1653 2419 1815 2474 etiam
1862 2419 1974 2489 ipse
2019 2418 2121 2473 Co-

2224 1954 2370 2012 runt,
2403 1943 2671 2015 quamvis,
2703 1940 2894 2001 Gothis
2917 1944 2971 1998 in
2996 1943 3246 2013 llispania
3284 1941 3648 2013 regnantibus,
3676 1942 3766 2009 ejus

2222 2036 2482 2092 memoria
2534 2044 2588 2090 et
2630 2034 2914 2090 celebritas
2970 2034 3275 2089 intermissa
3321 2033 3490 2089 fuisse
3540 2032 3764 2087 videatur.

2228 2130 2499 2198 Eugcnins
2540 2128 2698 2197 igitur
2732 2130 2917 2182 tertius
2960 2127 3247 2182 Toletanns
3293 2126 3488 2194 prarsul
3541 2123 3768 2180 Dracontii

2226 2220 2621 2285 Hexaemeron,
2642 2220 2868 2274 fortasse
2888 2219 3059 2287 ipsum
3093 2216 3233 2287 quod
3256 2215 3500 2270 lsidorus
3525 2214 3766 2280 habuerat,

2225 2314 2309 2367 vel
2361 2327 2427 2367 ex
2477 2325 2541 2367 eo
2567 2308 2844 2380 exemplar
2874 2309 3197 2377 descriptum
3245 2307 3540 2361 emendare
3580 2313 3769 2359 conatus

2227 2413 2324 2459 cst.
2357 2404 2595 2468 Quanam
2622 2416 2751 2458 vero
2780 2402 2984 2456 ratione
3017 2408 3291 2468 permotus
3317 2400 3369 2453 id
3401 2398 3586 2469 egerit,
3612 2397 3769 2453 melius

555 2508 858 2573 iumbanns,
885 2510 976 2578 qui
1001 2507 1051 2561 in
1084 2508 1317 2564 editione
1348 2508 1587 2564 Goldasti
1628 2518 1752 2589 ante
1780 2526 1896 2566 eam
1925 2511 2125 2583 episto-

2228 2512 2293 2551 ex
2329 2496 2444 2567 ejus
2470 2495 2721 2567 epistola,
2755 2511 2911 2565 quam
2944 2494 3186 2565 subjicio,
3219 2494 3447 2563 intelligi
3487 2493 3683 2561 poterit.

557 2598 660 2655 iam
692 2604 761 2654 ita
793 2600 1048 2655 lectorem
1081 2599 1363 2670 alloquitur
1409 2620 1419 2654 :
2372 2623 2581 2663 ιιιοειιιι
2612 2611 2860 2663 ιειηέτοωι
2884 2624 2951 2662 ao
2980 2622 3438 2662 ClllNDASUINTtIL‘I
3467 2621 3655 2661 necas.

677 2712 797 2823 3w
820 2709 984 2761 facere
1009 2711 1208 2761 meliora
1233 2714 1417 2775 nequii,
1444 2720 1555 2763 utor
1578 2728 1664 2774 pro
1687 2717 1828 2776 meis,

720 2786 795 2822 am
818 2773 946 2823 dicta
974 2781 1140 2823 vetera
1164 2775 1411 2823 invertere
1438 2776 1665 2823 imnietas
1689 2791 1825 2823 mera

720 2786 795 2822 am
818 2773 946 2823 dicta
974 2781 1140 2824 vetera
1164 2773 1411 2824 invertere
1438 2773 1665 2837 impietas
1689 2773 1825 2827 mera
1847 2782 1940 2828 est.

516 2910 522 2914 -
556 2875 750 2931 Confer
779 2885 957 2931 notam
997 2877 1061 2931 ad
1098 2892 1239 2931 vers.
1279 2878 1384 2933 219
1429 2878 1647 2948 Elegiae,
1695 2878 1884 2934 Omnia
1936 2891 2129 2952 tempus

556 2966 677 3034 agit,
705 2974 757 3021 et
788 2964 851 3049 ad
886 2966 977 3020 lib.
1008 2982 1064 3031 ιι,
1101 2983 1235 3022 vers.
1265 2966 1365 3033 44;
1391 2967 1481 3023 lib.
1520 2984 1597 3034 ut,
1641 2984 1782 3024 vers.
1821 2970 1946 3039 526,
2000 2969 2126 3038 545,

556 3055 642 3109 ubi
688 3055 776 3110 alii
811 3067 936 3110 sunt
974 3072 1160 3113 versus
1200 3074 1330 3128 quos
1374 3057 1732 3115 Columbanus
1772 3076 1842 3116 ex
1893 3063 2130 3117 carmine

558 3145 825 3202 Dracontii
847 3145 913 3203 de
946 3146 1054 3203 Deo
1085 3150 1331 3219 sumpsit.
1377 3150 1663 3207 Goldastus
1692 3159 1746 3206 et
1783 3151 1832 3222 7
1868 3150 2131 3206 Patricius

558 3236 983 3309 Flemingus,qui
1011 3238 1327 3297 Columbani
1349 3243 1584 3297 carmina
1616 3242 1922 3312 ediderunt,
1952 3244 2125 3298 laten-
2162 3238 2209 3302 C

559 3337 643 3381 tur
672 3329 868 3384 multos
899 3330 948 3383 in
977 3345 1041 3384 eo
1076 3347 1261 3386 versus
1301 3343 1356 3388 et
1393 3333 1608 3401 quidem
1651 3334 1887 3406 integros
1932 3335 2131 3404 prisco-

558 3434 674 3475 rum
700 3430 972 3491 poetarum
997 3425 1243 3492 reperiri.

631 3517 683 3574 9.
709 3517 1063 3575 Nihilominus
1083 3520 1468 3577 Columbanum
1493 3523 1632 3580 inter
1660 3540 1755 3581 eos
1781 3541 1884 3581 non
1910 3540 2132 3582 numero

562 3613 651 3679 qui
678 3611 1017 3668 Dracontium
1046 3624 1227 3679 aperte
1251 3612 1602 3681 laudaverint,
1630 3617 1701 3673 uti
1735 3633 1904 3689 neque
1925 3620 2133 3687 episco-

564 3718 686 3770 pum
734 3702 1198 3761 Constantiensem
1237 3706 1579 3763 Salomonem
1609 3694 1685 3776 ll,
1742 3711 2130 3778 exscriptorem

564 3793 737 3862 Papia:
761 3804 816 3850 et
842 3795 1049 3862 lsidori,
1074 3798 1134 3849 ut
1163 3798 1233 3852 ait
1266 3797 1491 3853 liivinus
1521 3801 1587 3853 ad
1618 3815 1757 3855 vers.
1793 3802 1861 3856 57
1885 3803 2130 3872 epismla:

565 3884 830 3941 Dracontii
860 3902 969 3941 sure
997 3889 1246 3943 editionis
1274 3908 1289 3947 :
1318 3891 1406 3961 qui
1432 3892 1687 3947 Salomon
1722 3894 1895 3948 locum
1944 3894 2131 3949 lsidori

564 3976 649 4029 ub.
697 3987 909 4033 exstant
952 3979 1221 4035 Dracontii
1269 3997 1453 4037 versus
1502 3983 1569 4036 de
1601 3999 1754 4048 cera,
1803 3987 2134 4053 transcripsit

566 4065 750 4123 vocab.
779 4083 910 4120 cera.
942 4067 1283 4125 Salomonem
1314 4072 1472 4125 istum
1506 4088 1612 4126 non
1642 4074 1767 4128 vidi.
1828 4075 2014 4145 Papias
2038 4092 2133 4128 vo-

498 4226 503 4229 _
566 4153 879 4211 rabularista
904 4159 1067 4212 verbo
1098 4149 1240 4213 Cana
1283 4161 1455 4216 solum
1488 4162 1642 4217 ali'ert
1680 4179 1745 4217 ex
1788 4165 1990 4219 isidoro
2022 4165 2135 4222 lucc

566 4245 762 4299 verba:
794 4243 920 4300 Cera
949 4249 1181 4304 materies
1212 4251 1308 4314 fuit
1332 4252 1613 4307 litterarum
1657 4270 1771 4327 qua:
1811 4255 2135 4323 parvulorum

566 4339 788 4392 nutrices
816 4341 1042 4409 fuerunt.
1078 4340 1297 4399 llivinus
1327 4344 1381 4399 in
1409 4344 1611 4401 Isidoro
1650 4347 1972 4416 coniicit-bat
2008 4364 2137 4405 cera:

563 4430 844 4483 litterarum
887 4433 1140 4486 oratrices.
1192 4433 1331 4488 Nihil
1382 4440 1718 4493 tnutaverim.
1775 4437 1927 4497 Alios
1971 4440 2134 4497 etiam
2239 4430 2353 4509 {mo
2379 4457 2595 4524 septimo
2617 4430 2865 4526 ηιατυίνὶδη
2910 4466 3025 4508 sunt
3067 4457 3284 4510 dicenda
3330 4458 3609 4522 subnexui;
3644 4455 3787 4508 dcere

564 4537 703 4576 nunc
733 4531 994 4591 prmtereo
1021 4528 1108 4594 qui
1138 4527 1383 4583 eumdem
1414 4528 1758 4586 Dracontium
1793 4534 1985 4588 imitati
2009 4542 2125 4589 sunt

2241 4556 2447 4618 tantque
2471 4549 2636 4601 divale
2664 4565 2722 4600 ac
2759 4549 2803 4601 si
2847 4565 2945 4600 non
2981 4559 3034 4601 ut
3065 4548 3219 4611 volui,
3252 4549 3385 4601 velut
3406 4548 3564 4613 valui,
3589 4559 3787 4600 consum-

560 4614 860 4710 aliquando,
888 4630 1022 4684 quos
1049 4618 1160 4672 suis
1188 4620 1320 4675 locis
1347 4620 1612 4677 indicabo.
1645 4623 1775 4679 illud
1802 4641 1927 4679 vero
1948 4626 2125 4681 admo-

2241 4641 2393 4706 mat‘i,
2422 4641 2704 4709 implorans
2736 4642 2883 4694 t'estri
2911 4640 3028 4693 solii
3073 4637 3528 4710 pt'wlargissimam
3565 4640 3788 4705 pietatem,

2302 2719 2523 2790 Inclyta,
2550 2720 2771 2793 glorioso
2793 2716 2964 2775 rerum
2988 2719 3194 2773 domino
3215 2716 3635 2797 Chindasuintlto,
3655 2716 3767 2788 prin.

2232 2814 2333 2877 cipi
2360 2829 2578 2877 summa,
2618 2822 2665 2866 et
2703 2813 2929 2867 maximo
2977 2827 3179 2885 regum,
3226 2809 3490 2885 Eugenius
3530 2820 3770 2865 vestrorum

2235 2905 2466 2971 ﬁdelium
2496 2905 2742 2960 servulus.

2309 2993 2601 3050 Clementia:
2628 3007 2804 3051 vestra:
2831 2997 3017 3065 jussis.
3052 2997 3373 3053 serenissime
3403 2998 3648 3068 princeps.
3683 3000 3773 3063 plu

2235 3090 2755 3145 volendodeserviens
2785 3106 2941 3160 quam
2978 3090 3212 3158 valendo,
3249 3088 3521 3145 Dracontii
3547 3091 3775 3160 cujusdam

2238 3181 2434 3236 libello;
2464 3180 2639 3235 ntultis
2662 3181 2836 3235 videns
2871 3180 3129 3235 erroribus
3159 3180 3437 3245 involutos,
3468 3180 3657 3236 Christo
3685 3179 3773 3231 Do-

2216 3272 2379 3324 'mino
2399 3270 2646 3324 tribuente
2681 3271 2905 3324 calorem
2948 3287 3040 3342 pro
3076 3271 3321 3324 tenuitate
3359 3274 3455 3325 mei
3491 3273 3663 3327 sensuli
3689 3271 3773 3324 sub

2241 3361 2457 3416 correxi.
2493 3359 2608 3414 Hoc
2634 3361 2861 3413 videlicet
2896 3361 3240 3414 moderamine
3271 3362 3548 3430 custodito,
3591 3378 3681 3432 quo
3710 3377 3770 3413 stt-

2241 3453 2439 3522 pcrflua
2466 3451 2737 3517 demerent,
2770 3451 3049 3519 semiplena
3075 3454 3386 3522 supplrrem,
3417 3455 3578 3524 fracta
3606 3460 3778 3505 consta-

2240 3544 2455 3609 bilirem,
2474 3551 2520 3595 ct
2549 3548 2722 3596 crebro
2746 3544 2956 3611 repetita
2984 3552 3252 3599 mutarent.
3273 3540 3777 3608 Versiculisene,qnos

2243 3633 2363 3688 huic
2394 3633 2534 3705 aperi
2585 3631 2925 3686 detrahendos
2953 3648 3059 3686 esse
3086 3632 3281 3698 putavi,
3309 3642 3355 3685 et
3382 3649 3533 3686 sensu
3559 3630 3716 3700 tepidi,
3742 3637 3778 3681 et

2241 3728 2401 3780 terbis
2429 3726 2649 3795 illepidi,
2673 3737 2720 3779 et
2748 3725 2892 3782 nulla
2917 3725 3190 3794 probantur
3228 3727 3427 3779 ratione
3456 3726 3648 3779 subnixi
3673 3739 3692 3778 .'
3712 3740 3781 3776 nec

2238 3820 2293 3873 in
2319 3820 2388 3874 eis
2414 3818 2609 3889 aliquid
2631 3819 2878 3889 reperitur
2924 3835 3020 3887 quo
3064 3819 3266 3872 lectoris
3305 3819 3508 3872 animus
3546 3819 3783 3879 animetur,

2239 3921 2327 3964 aut
2352 3909 2635 3965 mulceatur
2657 3911 2859 3975 doctus,
2901 3921 2987 3963 aut
3031 3912 3272 3963 doceatur
3305 3910 3560 3967 indoctus.
3599 3908 3655 3962 Et
3686 3923 3782 3975 (μω-

2241 4002 2379 4056 niam
2408 4002 2470 4056 de
2496 4002 2578 4055 die
2608 4002 2821 4071 septimo
2856 4002 3101 4069 praefatus
3127 3993 3309 4054 attctor~
3352 4002 3558 4055 omnino
3596 3999 3783 4057 reticuit,

2240 4106 2432 4144 sentum
2460 4092 2585 4145 milti
2614 4090 2912 4158 opusculum
2940 4091 3217 4156 videbatur,
3252 4092 3294 4144 si
3337 4109 3437 4144 non
3481 4092 3596 4144 infe
3623 4087 3785 4156 a'iqnid

2239 4183 2291 4233 in
2315 4180 2409 4236 hoc
2438 4182 2677 4239 codiculo.
2701 4180 2984 4234 haberetur.
3013 4179 3217 4233 Idcirco
3238 4181 3289 4233 in
3312 4181 3416 4261 ﬁne
3438 4180 3615 4244 libelli,
3636 4194 3784 4248 quam-

2239 4272 2310 4325 vis
2340 4273 2561 4339 pedestri
2591 4287 2842 4338 sermone,
2873 4288 2961 4326 sca:
2988 4273 3185 4324 dierum
3217 4271 3679 4340 recapitulationem
3700 4270 3784 4320 sitt-

2240 4364 2372 4433 gults
2416 4366 2677 4419 versiculis
2724 4381 2849 4435 quos
2898 4366 3018 4423 olim
3074 4365 3301 4427 condidi,
3336 4364 3606 4425 denotavi;
3641 4364 3695 4415 (le
3722 4359 3786 4413 die

560 4703 718 4769 nebo,
747 4707 919 4775 ipsum
965 4706 1020 4763 S.
1066 4708 1322 4766 lsidorum
1365 4713 1533 4768 videri
1573 4716 1847 4785 ignorasse
1889 4717 1955 4771 dc
1994 4718 2127 4773 Dra-

558 4797 759 4864 contio,
788 4813 854 4852 an
880 4799 1155 4870 diaconus,
1188 4817 1255 4856 an
1296 4805 1597 4876 presbyter,
1640 4821 1705 4860 an
1736 4808 2129 4877 episcopus,an

566 4890 644 4942 vir
664 4890 938 4946 saecularis
954 4891 1113 4948 fuerit
1130 4910 1143 4945 :
1160 4894 1292 4948 nihil
1309 4896 1450 4951 enim
1465 4880 1953 4967 horumexpressit,
1975 4910 2030 4954 nt
2043 4916 2130 4955 so-

560 4981 630 5032 let
661 4982 715 5035 in
742 4982 879 5040 aliis.
924 4985 1111 5039 Tacuit
1148 4987 1310 5041 etiam
1350 4987 1583 5042 hominis
1628 4994 1894 5057 patriam,
1951 4993 2127 5049 locum

559 5067 645 5121 ubi
669 5070 974 5139 scripserit,
1029 5081 1238 5142 tempus
1290 5074 1345 5128 in
1390 5091 1497 5146 quo
1540 5078 1777 5133 vixerit:
1813 5097 1933 5135 nam
1985 5084 2125 5152 quod

560 5161 797 5215 nonnulli
858 5164 1201 5223 Dracontiutn
1241 5169 1309 5224 ad
1356 5170 1612 5225 saeculum
1663 5188 1713 5227 vt
1745 5173 2013 5243 rejiciunt,
2071 5186 2130 5233 ut

559 5250 729 5304 dicam
753 5268 897 5308 num.
932 5254 1023 5320 30,
1061 5258 1187 5324 quia
1226 5259 1294 5315 ab
1319 5259 1527 5317 isidoro
1549 5262 1688 5318 inter
1717 5266 1925 5320 Avitum
1955 5277 2009 5321 et
2041 5268 2127 5322 Vi-

558 5348 759 5393 ctorem
785 5340 1126 5401 Tunnensem
1153 5350 1447 5407 collocatus
1474 5361 1579 5419 est,
1611 5367 1694 5409 nte
1721 5354 1799 5409 illi
1844 5359 2130 5412 vehemen-

560 5436 639 5483 ter
663 5442 874 5499 erraut;
907 5452 1078 5507 neque
1109 5441 1252 5496 enim
1282 5443 1519 5500 lsidorus
1559 5446 1807 5503 ordinem
1847 5451 2129 5507 chronolo-

556 5522 729 5588 girnm
756 5522 975 5582 servare
1004 5531 1190 5598 potuit,
1217 5534 1305 5588 ubi
1328 5539 1651 5606 scriptorum
1675 5547 1862 5597 aetates
1883 5542 2125 5608 nescivit,

557 5628 732 5683 neque
775 5616 949 5687 reipsa
980 5620 1166 5686 voluit,
1204 5625 1293 5678 ubi
1322 5642 1429 5694 quo
1449 5628 1676 5698 quisque
1702 5639 1944 5699 tempore
1973 5634 2123 5687 vise-

554 5711 622 5763 rit
644 5724 749 5763 non
776 5710 1073 5780 ignorabat,
1108 5715 1205 5769 nisi
1233 5718 1472 5776 dicamus
1498 5722 1658 5777 etiam
1690 5724 1932 5779 ordinem
1981 5726 2128 5794 capi-

553 5810 666 5858 tum
687 5802 810 5859 libri
834 5802 903 5860 de
948 5803 1362 5862 Vir..il|nstrib.
1415 5811 1752 5869 librariortun
1804 5816 2124 5885 negligentia

2242 4744 2294 4787 ut
2322 4734 2416 4788 vile
2440 4733 2624 4788 servuli
2666 4733 2832 4801 ﬁdelis
2879 4734 3101 4791 oblatum
3167 4742 3331 4785 t-cstra
3372 4731 3469 4786 sibi
3510 4731 3666 4803 gloria
3708 4728 3790 4796 τῶς

2238 4840 2349 4877 cere
2391 4825 2626 4895 dignetur
2673 4812 2954 4893 acceptum,
3004 4824 3191 4893 fiatque
3226 4823 3281 4895 9
3321 4824 3447 4877 mihi
3499 4824 3671 4877 ntisero
3727 4836 3792 4871 re-

2238 4904 2412 4985 pensio
2429 4919 2690 4984 fructuosa
2716 4914 2904 4968 laboris
2933 4913 3135 4983 placidi:
3158 4923 3416 4986 respectus
3446 4914 3595 4970 vestri
3623 4909 3790 4967 contri-

2240 5006 2379 5061 butio
2406 5008 2583 5076 gratim
2608 5008 2685 5061 vel
2709 5006 2918 5077 furoris.

2308 5098 2397 5152 Η.
2430 5097 2563 5151 lluic
2591 5098 2834 5165 epistola:
2861 5098 2931 5152 ita
2974 5114 3000 5150 a
3043 5097 3331 5154 Sirmondo
3383 5099 3436 5154 in
3490 5099 3653 5170 prima
3690 5092 3785 5149 edi-

2239 5189 2383 5242 tione
2411 5186 2698 5242 Parisiensi
2748 5188 3096 5259 promulgata:
3143 5190 3298 5258 plane
3330 5201 3590 5246 consonat
3629 5198 3790 5243 exemo

2238 5279 2355 5347 plar
2381 5276 2584 5345 codicis
2610 5276 2886 5344 Toletani,
2916 5279 3015 5333 nisi
3047 5279 3187 5348 quod
3218 5281 3269 5334 in
3301 5279 3403 5336 hoc
3435 5296 3541 5337 non
3572 5273 3794 5347 exprimi.

2237 5380 2325 5423 tur
2355 5384 2549 5424 nomen
2593 5370 2732 5439 regis
2759 5370 2910 5438 cujus
2938 5370 3088 5437 jussu
3123 5369 3391 5440 Eugenius
3431 5370 3793 5426 correctionem

2236 5459 2505 5513 Dracontii
2551 5459 2650 5513 luit
2699 5475 2999 5530 aggressus.
3051 5460 3251 5530 Duplex
3306 5461 3446 5529 alia,
3476 5476 3639 5531 caque
3680 5454 3795 5510 levis

2234 5551 2594 5620 t‘ivcrepautia
2622 5559 2868 5617 notatur;
2902 5567 3023 5605 nam
3050 5551 3101 5605 in
3129 5551 3314 5607 codice
3344 5552 3599 5607 Toletauo
3624 5551 3796 5618 legitur

2236 5641 2408 5696 multis
2439 5644 2680 5696 hactenus
2707 5642 2898 5704 videns,
2928 5652 2980 5696 et
3014 5643 3170 5710 paulo
3198 5652 3318 5712 post
3344 5651 3392 5696 et
3422 5643 3639 5697 crebrius
3664 5655 3794 5703 repe-

2234 5735 2345 5788 tita.
2389 5735 2445 5789 lu
2476 5734 2713 5790 editiOne
2759 5733 3097 5802 Lugduneusi
3131 5734 3384 5789 Bibiioth.
3423 5733 3630 5788 Patrum
3673 5724 3797 5784 1677

2232 5840 2503 5891 posuema
2545 5826 2705 5909 verba
2749 5826 2819 5882 ita
2852 5826 3099 5891 leguntur
3139 5824 3562 5881 contribuuuvel
3596 5818 3789 5887 [at-sris.
