4016 6280
185 382 301 453 ωε

1548 376 2074 443 Ριιυιεωιικιιι.

3327 378 3437 444 606

185 500 241 559 In
258 499 499 557 editione
527 500 814 559 Parisienst
837 500 1077 561 omnium
1098 514 1321 568 operum
1344 472 1617 555 Sirmondi
1641 515 1763 553 cou-
1789 500 1847 563 Α,
1868 499 1925 559 ii.
1949 500 2192 569 apposuit
2207 542 2223 569 ,
2252 464 2357 573 qua
2386 501 2459 557 ait
2489 515 2652 572 penes
2676 515 2733 555 se
2756 513 2875 556 esse
2901 512 2965 553 ex
2997 509 3097 552 ms.
3123 492 3308 551 codice
3334 492 3435 550 To-

188 591 374 646 tritnua
397 592 564 660 gratia
596 591 675 646 uel
716 590 913 657 favoris.
951 590 1009 645 In
1036 591 1330 660 exemplari
1362 591 1544 658 primas
1571 591 1759 646 editio-

186 681 288 747 nis,
320 695 431 752 quo
472 689 611 747 utor,
645 680 774 736 vitio
818 688 1064 751 typorum
1113 698 1217 737 non
1265 683 1410 736 clare
1453 681 1616 735 verba
1646 681 1759 734 lure

185 782 469 840 apparent.
517 773 759 837 Biviuus,
801 773 891 841 qui
933 771 1104 826 solum
1155 772 1424 828 Sirmondi
1472 771 1759 827 editionem

187 865 352 931 vidit,
376 865 545 921 edidit
582 863 880 920 contributio
919 866 1108 920 amoris
1140 865 1212 918 vel
1256 865 1463 933 favoris.
1502 863 1758 919 Henricus

190 956 409 1023 Florea,
439 959 705 1026 Hispaniae
736 971 905 1013 sacrm
931 958 1175 1027 egregius
1202 957 1507 1027 primusque
1550 965 1756 1025 auctor,

185 1050 277 1119 qui
312 1060 626 1120 excerptum
654 1063 843 1104 eorum
872 1064 993 1119 qua:
1020 1064 1086 1104 eo
1114 1050 1297 1103 codice
1338 1049 1594 1103 'l‘oletano
1631 1064 1759 1102 cutt-

188 1142 447 1207 tinentur,
477 1155 636 1196 manu
671 1140 892 1196 Joannis
920 1139 1164 1210 Vazquez
1191 1140 1276 1196 del
1304 1140 1526 1195 Marmol
1557 1140 1757 1195 deseri-

188 1242 337 1303 ptnm
387 1248 553 1304 penes
592 1248 652 1290 se
689 1232 949 1298 habebat,
975 1247 1095 1287 cum
1133 1232 1340 1287 videret
1383 1246 1575 1287 nomen
1620 1236 1759 1301 reg‘s

189 1324 342 1378 initio
368 1324 609 1394 epistolae
653 1324 864 1390 deesse,
892 1324 1118 1394 coniecit
1162 1338 1284 1377 eum
1327 1323 1489 1379 fuisse
1535 1324 1758 1378 Itecces-

189 1413 432 1470 vinthum
450 1455 469 1478 ,
498 1416 586 1483 qui
617 1400 793 1470 studio
821 1429 1094 1470 sacrarum
1124 1414 1422 1469 litterarum
1452 1413 1756 1470 delectaba-

191 1515 290 1558 tur.
350 1504 502 1560 llanc
555 1504 915 1573 conjecturam
975 1503 1428 1560 eminentissimus
1477 1503 1759 1559 cardinalis

190 1593 531 1655 Lorenzaua,
564 1608 720 1662 quem
753 1593 971 1648 honoris
1012 1607 1172 1648 causa
1203 1593 1437 1659 nomino,
1472 1607 1535 1647 ac
1562 1594 1758 1662 saepius

188 1683 237 1736 iu
267 1683 374 1737 hoc
399 1698 562 1752 opere
592 1684 868 1738 nominare
895 1682 1087 1752 debeo,
1117 1683 1169 1738 in
1198 1683 1421 1739 eruditis
1459 1684 1759 1739 atlnotatiu.

187 1774 343 1830 nibus
363 1773 430 1828 ad
462 1774 643 1829 Patres
670 1774 958 1830 Toletanos
986 1776 1239 1845 praeclare
1267 1785 1321 1830 et
1348 1790 1572 1831 nervoso
1600 1776 1754 1830 refel-

187 1866 288 1921 lit:
322 1875 436 1925 tum
479 1866 597 1936 quia
626 1866 856 1922 studium
885 1882 1156 1923 sacrarum
1191 1867 1488 1922 litterarum
1528 1867 1756 1923 Chinda-
1789 1839 1834 1901 Β

185 1956 407 2011 suiutbo
416 1971 537 2011 cum
557 1956 664 2011 ﬁlio
680 1956 1064 2013 Reccesvintbo
1077 1972 1362 2015 commune
1374 1957 1492 2023 fuit,
1510 1969 1619 2015 tutu
1635 1962 1755 2028 quia

184 2046 503 2103 Sirmondus
519 2047 570 2102 in
584 2063 683 2104 ms.
700 2047 885 2105 codice
898 2064 1092 2104 nomen
1106 2049 1516 2106 Cbiadasvintbi
1536 2053 1756 2120 reperit,

184 2139 327 2208 quod
370 2137 593 2208 proinde
619 2139 955 2195 retinendum
987 2147 1090 2195 est.
1127 2140 1388 2211 Equidem
1412 2149 1537 2210 puto
1569 2140 1756 2197 Flore-

184 2230 323 2285 zium
350 2228 639 2284 editionem
671 2228 941 2285 Dracontii
974 2230 1400 2287 Sirmondiunum
1430 2242 1516 2285 aut
1546 2242 1651 2287 non
1684 2249 1760 2287 για

182 2321 328 2376 disse
373 2335 637 2391 unquam,
671 2329 761 2376 aut
792 2336 895 2376 non
926 2322 1265 2392 expendisse,
1299 2339 1405 2378 non
1435 2326 1605 2378 solum
1636 2326 1756 2393 quia

184 2429 291 2469 non
334 2414 567 2469 advertit
600 2414 1008 2472 Cbindasuintbi
1039 2430 1230 2471 nomen
1273 2420 1671 2486 expressumju
1698 2433 1759 2473 ω

180 2520 327 2570 esse,
357 2520 543 2561 verum
573 2507 731 2561 etiam
757 2507 878 2577 quia
904 2505 1136 2562 afﬁrmat
1162 2507 1434 2561 Dracontii
1466 2522 1597 2576 Opus
1619 2508 1757 2577 qtlutl

181 2619 215 2658 a
242 2602 531 2659 Sirmondo
549 2602 749 2656 editum
771 2602 885 2665 luit,
914 2616 1021 2656 non
1041 2616 1160 2657 esse
1190 2601 1579 2669 Hexaemeron,
1611 2616 1663 2655 ιιι
1693 2600 1760 2654 ab

184 2692 427 2761 Eugenio
462 2701 762 2748 correctum
803 2700 915 2761 est,
948 2690 1044 2746 sed
1083 2691 1227 2748 aliud
1265 2692 1536 2773 diversoum
1576 2694 1642 2747 ab
1670 2693 1762 2746 illo

181 2784 427 2838 carmine
445 2783 588 2853 quod
614 2784 665 2838 in
687 2783 872 2839 codice
897 2783 1187 2853 Azagrensi
1214 2783 1431 2851 existit;
1461 2784 1761 2853 allegatque

181 2873 561 2932 auctoritatem
582 2871 802 2932 Joannis
834 2873 1083 2945 Baptista
1107 2873 1271 2932 Persa
1293 2876 1346 2932 in
1377 2882 1502 2932 nota
1533 2873 1598 2932 ad
1639 2888 1757 2946 cap.

185 2967 253 3022 M
288 2966 540 3023 lldelunsi
568 2968 636 3023 de
667 2966 779 3025 Vir.
808 2968 1061 3024 illustrib.

259 3059 352 3116 12.
382 3057 489 3114 Sed
528 3059 700 3128 primo
738 3058 856 3113 Ioco
880 3074 1115 3128 quaeram
1159 3076 1189 3117 a
1243 3061 1482 3119 Florezio
1511 3061 1599 3132 qui
1647 3060 1761 3114 fieri

183 3150 377 3218 potuit
403 3158 458 3204 ut
493 3148 740 3204 Perezius
762 3149 830 3204 de
854 3149 1085 3205 editione
1113 3152 1485 3207 Sirmondiana
1516 3152 1762 3222 loquere—

184 3250 295 3305 tur,
328 3256 449 3295 cum
502 3241 591 3295 ille
634 3255 776 3295 anno
822 3241 956 3296 1597
1007 3241 1231 3307 obierit,
1275 3218 1599 3298 Sirmondus
1628 3218 1764 3299 .vero

182 3330 535 3386 Dracontiurn
561 3346 701 3385 attuo
733 3332 948 3387 tandem
978 3332 1111 3387 I6|9
1137 3333 1275 3403 typis
1301 3334 1633 3403 vulgaverit?
1664 3336 1768 3407 ιο

181 3420 397 3478 Deinde
438 3432 717 3495 utramque
759 3423 1047 3480 editionem
1093 3424 1484 3490 consideranti,
1523 3424 1765 3481 Sirmon-

179 3514 403 3569 dianam
432 3515 637 3572 scilicet
662 3529 713 3571 et
739 3531 854 3571 eam
885 3530 1041 3587 quam
1066 3531 1132 3572 ex
1158 3517 1281 3572 cod.
1314 3517 1601 3587 Azagrensi
1629 3519 1765 3572 emi-

179 3608 540 3663 nentissimus
568 3607 853 3665 cardinalis
882 3609 1189 3666 Lorenzana
1216 3609 1572 3681 procuravit,
1594 3611 1766 3665 maui-

176 3700 545 3771 I'estorliquet
587 3700 927 3757 Dracontium
972 3719 999 3755 a
1049 3701 1335 3758 Sirmondo
1386 3702 1585 3771 editum
1640 3718 1766 3758 vere

178 3790 382 3855 luisse,
408 3800 464 3846 ut
493 3791 560 3846 ab
590 3792 826 3862 Eugenio
871 3792 1041 3848 fuerat
1081 3800 1373 3849 correctus.
1420 3792 1601 3863 Itaque
1642 3809 1765 3849 cum

177 3883 452 3939 Pereaius
484 3883 555 3938 ad
593 3893 751 3947 caput
796 3883 862 3938 M
906 3886 964 3941 ὃ.
997 3879 1244 3940 llde'l'onsi
1287 3885 1356 3939 de
1391 3884 1499 3939 \tir.
1547 3884 1763 3947 illustr.,

174 3984 358 4043 caput
384 3976 473 4041 37,
501 3976 684 4030 lsidori
715 3977 782 4030 de
813 3977 1094 4031 Dracontio
1123 3978 1418 4041 laudasset,
1445 3989 1499 4033 et
1526 3977 1763 4033 addidis-

171 4076 267 4123 set
293 4083 311 4121 :
344 4064 651 4120 Dracontius
677 4081 828 4136 porro
853 4076 1031 4132 poeta,
1061 4068 1205 4135 cujus
1230 4066 1312 4120 hic
1337 4067 1395 4135 fit
1422 4068 1626 4135 mentio,
1649 4072 1764 4139 jam

172 4158 275 4209 diu
310 4157 476 4226 fertur
501 4157 790 4225 impressus,
822 4172 922 4208 non
952 4165 1120 4210 tamen
1144 4167 1196 4208 ut
1232 4160 1397 4225 fuerat
1440 4158 1502 4209 ab
1541 4155 1768 4227 Eugenio

168 4250 516 4313 emendatus;
537 4248 626 4303 sed
656 4249 787 4301 hanc
820 4246 1037 4319 Eugenii
1060 4246 1458 4302 emendationem
1481 4248 1582 4301 ridi
1604 4248 1657 4300 in
1678 4247 1768 4300 illo

170 4349 389 4395 retusto
416 4339 588 4393 codice
625 4335 798 4393 Ruisir'
838 4339 1074 4408 Aaagrii,
1102 4340 1245 4409 cujus
1274 4354 1431 4406 supra
1468 4339 1769 4393 memionem

166 4433 325 4503 feci;
355 4431 596 4485 laudatus
625 4429 910 4485 cardinalis
950 4432 1253 4486 Lorenzana
1282 4427 1552 4498 subjecit:
1586 4426 1653 4482 Et
1688 4428 1770 4481 lrio

168 4522 527 4588 Dracontius,
566 4533 619 4577 ut
656 4522 723 4575 ab
767 4522 994 4593 Eugenio
1019 4523 1342 4588 emendatus,
1378 4520 1543 4574 editus
1583 4521 1766 4588 sa'pius

162 4625 291 4679 est,
343 4616 563 4682 primum
607 4632 638 4667 ιι
677 4615 967 4669 doctissimo
1004 4614 1305 4680 Sirmondo,
1342 4613 1526 4668 deinde
1564 4614 1618 4667 in
1654 4611 1767 4667 Pl’.

138 4705 473 4771 ‘Biblio:lr.,
508 4704 713 4759 tandem
737 4720 767 4757 a
803 4704 947 4758 nobis
974 4703 1054 4757 hic
1084 4705 1215 4757 inter
1252 4715 1438 4758 cetera
1467 4702 1527 4758 S.
1554 4701 1773 4773 Eugenii

160 4814 353 4868 opera
379 4814 538 4868 supra
567 4813 788 4851 recusas.
826 4795 1097 4853 Florezius
1133 4796 1345 4866 quidem
1374 4795 1600 4851 fortasse
1623 4811 1685 4849 ex
1709 4811 1773 4849 eo

158 4891 454 4959 deceptus
490 4900 575 4943 est
612 4890 752 4957 quod
793 4888 907 4942 Nic.
933 4879 1193 4943 Antonius
1233 4887 1367 4942 Bibl.
1417 4894 1522 4941 vet.
1556 4895 1686 4941 tom.
1721 4886 1771 4953 l,

157 4982 279 5037 lib.
314 4996 373 5046 ν,
402 4996 520 5049 cap.
546 4980 601 5049 5,
634 4994 740 5035 non
783 4979 915 5035 satis
957 4979 1103 5034 clare
1132 4978 1414 5049 explicuit,
1447 4977 1500 5033 in
1527 4977 1774 5032 editioni-

152 5073 284 5128 bus
316 5086 446 5140 quae
471 5070 903 5127 Sirmondianam
929 5076 1314 5139 praecesserant
1341 5066 1531 5123 deesse
1566 5068 1771 5136 episto—

150 5164 328 5229 lam,
373 5162 652 5232 prologum
693 5162 1006 5225 metricum,
1045 5169 1098 5216 et
1128 5160 1620 5229 recapitulationem
1670 5161 1776 5213 Eu-

1864 591 2043 646 letano
2073 592 2352 661 epistolam
2399 592 2620 662 [ingenii
2660 591 2724 646 ad
2770 605 2948 661 regem
2996 583 3433 662 (Reccesvinthum

1863 684 2070 750 farsan,
2101 682 2418 752 inquithaut
2442 682 2941 755 Chittdasvintlsum),
2973 680 3337 752 praefationem
3360 674 3434 741 ad

1862 772 2003 828 idem
2050 789 2184 844 opus
2230 777 2475 833 versibus
2518 777 2799 845 scriptam,
2842 784 2896 831 et
2940 772 3429 843 recapitulationem

1861 864 1928 918 ad
1962 866 2121 920 linem
2152 865 2271 922 libri
2304 868 2576 923 Dracontii
2619 882 2939 937 appensam,
2966 880 3074 937 quo
3100 862 3231 919 satis
3259 863 3431 919 innuit

1860 957 2080 1011 visama
2126 970 2185 1012 se
2215 957 2485 1013 Sirmondi
2531 959 2816 1013 editionem
2860 972 2963 1013 non
3013 956 3198 1022 fuisse,
3240 956 3297 1011 in
3323 968 3429 1025 qua

1861 1046 1976 1103 haec
2005 1048 2183 1103 omnia
2230 1049 2593 1120 reperiuntur,
2619 1058 2672 1105 ct
2700 1047 3098 1104 Clrindasvinthi
3149 1047 3289 1119 regis
3334 1062 3428 1099 no-

1862 1155 1984 1195 men
2020 1140 2260 1211 epistola:
2304 1142 2662 1210 praemittitur.
2702 1140 2854 1208 Quod
2894 1141 3085 1196 attinet
3111 1139 3326 1211 quidem
3359 1138 3425 1194 ad

1863 1240 2161 1300 temporum
2192 1234 2485 1296 rationem.
2519 1233 2727 1301 utrique
2756 1233 2867 1302 regi
2907 1231 3130 1300 epistola
3160 1230 3281 1286 data
3308 1244 3431 1285 esse

1861 1322 2062 1392 potuit;
2093 1324 2185 1378 sed
2227 1324 2293 1378 de
2337 1322 2741 1378 Chiudasvinthi
2792 1323 3024 1387 nomine,
3055 1321 3194 1392 quod
3243 1337 3305 1374 ex
3339 1336 3426 1375 ve-

1862 1417 1963 1471 teri
1994 1418 2114 1472 cod.
2147 1418 2415 1476 Sirmondi
2444 1419 2667 1485 eruitur,
2697 1416 2915 1472 dubium
2945 1415 3148 1470 nullum
3185 1428 3301 1469 esse
3330 1414 3425 1467 de-

1860 1507 1985 1572 bet;
2015 1510 2115 1565 nisi
2160 1510 2299 1567 ferte
2328 1510 2546 1566 dubium
2577 1509 2791 1579 aliquod
2821 1517 3068 1565 nascatur
3093 1522 3159 1563 an
3199 1522 3322 1562 vere
3362 1506 3425 1559 il-

1861 1597 1949 1652 lud
1981 1615 2173 1655 uolneri
2202 1601 2252 1655 in
2275 1601 2453 1670 aliquo
2472 1600 2657 1655 codice
2676 1599 2909 1669 antiquis
2933 1598 3123 1655 litteris
3152 1608 3427 1654 exaratum

1862 1693 2086 1764 legatur.

1868 1785 1872 1790 ’
1936 1787 2020 1841 15.
2059 1785 2235 1843 Dicam
2286 1785 2387 1839 hoc
2426 1784 2545 1838 loco
2574 1783 2641 1839 de
2681 1782 2964 1839 Sirmondo
3005 1782 3145 1853 quod
3178 1782 3246 1839 de
3274 1796 3339 1836 eo
3368 1776 3429 1836 ac

1860 1878 1929 1933 de
1971 1874 2151 1931 multis
2178 1875 2299 1931 aliis
2322 1874 2455 1930 viris
2481 1872 2687 1930 criticis
2709 1874 2886 1930 saeculi
2918 1872 3142 1943 proximi
3182 1887 3244 1927 at.
3272 1887 3429 1939 supc-

1859 1969 2017 2025 rioris
2055 1968 2259 2034 sentio;
2286 1967 2380 2022 sed
2418 1965 2592 2022 dicam
2642 1969 2741 2037 ιι
2770 1965 2918 2035 prius
2958 1979 3043 2019 me
3085 1958 3427 2020 Sirmondum

1862 2061 1995 2117 tanti
2022 2060 2199 2115 Iacere
2226 2067 2408 2127 quanti
2440 2070 2638 2126 paucos
2662 2056 2828 2120 alios;
2856 2055 2940 2111 cui
2972 2056 3023 2110 in
3050 2053 3233 2126 judicii
3260 2054 3428 2109 exacti

1860 2149 2187 2214 maturitate,
2211 2159 2265 2203 et
2294 2148 2392 2203 hac
2419 2161 2574 2203 sacra
2598 2146 2875 2202 ammaiori
2898 2145 3139 2200 doctrina
3165 2145 3431 2201 neminem

1864 2239 2115 2310 praefero.
2150 2238 2508 2294 Vehementer
2526 2238 2687 2292 etiam
2720 2251 2806 2291 me
2831 2236 3059 2292 oblectat
3091 2235 3357 2307 placidum.
3380 2244 3435 2289 et

1863 2333 2122 2405 aequabile
2156 2330 2367 2387 dicendi
2397 2344 2565 2400 genus
2606 2328 2766 2384 etiam
2814 2328 2865 2384 in
2894 2328 3345 2391 contentionibus,
3368 2342 3432 2381 ex

1862 2440 1989 2495 quo,
2013 2424 2059 2480 si
2089 2422 2305 2480 aliunde
2333 2420 2594 2477 nescirem
2613 2460 2630 2488 ,
2657 2420 2836 2475 animo
2878 2434 2999 2475 eum
3046 2418 3159 2475 miti
3197 2428 3265 2474 et,
3292 2429 3433 2473 trau-

1862 2517 2032 2587 quillo
2077 2515 2240 2570 luisse
2278 2510 2810 2580 comprehenderem.
2854 2509 2958 2567 Sed
3004 2524 3107 2565 non
3153 2518 3435 2579 propterea

1863 2609 1981 2665 sine
2006 2606 2248 2661 examine
2276 2604 2415 2668 illico
2445 2602 2809 2671 recipiendum
2850 2611 2936 2656 est
2974 2600 3228 2672 quidquid
3274 2600 3340 2654 ab
3372 2616 3434 2656 eo

1866 2700 1938 2755 ita
1980 2699 2265 2769 profertur,
2306 2704 2362 2750 ut
2401 2710 2467 2751 ex
2498 2694 2676 2763 aliquo
2718 2694 2885 2751 veteri
2927 2709 3029 2751 ms.
3062 2694 3229 2749 videri
3274 2694 3435 2762 possit

1864 2790 2227 2863 desumptum.
2259 2788 2412 2847 Mitto
2441 2787 2783 2847 oscitationes
2812 2786 3066 2857 quasdam
3107 2786 3433 2850 tolerabiles,

1864 2900 1994 2955 quas
2019 2884 2235 2940 omnino
2264 2897 2452 2937 cavere
2479 2881 2707 2936 humana
2735 2890 2920 2936 natura
2950 2894 3055 2935 non
3082 2886 3277 2948 pctest.
3298 2876 3435 2935 Illud
3500 2867 3506 2875 ’

1866 2992 1973 3032 non
2014 2975 2202 3045 probo,
2232 2973 2373 3044 quod
2404 2986 2546 3040 sirpe
2588 2971 2903 3027 Sirmondus
2932 2972 3127 3041 aliique
3168 2972 3219 3024 in
3265 2970 3434 3026 lucem

1868 3069 2062 3137 scripta
2094 3078 2274 3121 vetera
2327 3065 2696 3134 proferebant,
2724 3066 2849 3133 quin
2898 3064 3210 3136 explicatius
3257 3062 3435 3118 trade-

1869 3169 1987 3214 rent
2013 3158 2136 3226 quid
2161 3158 2213 3211 iu
2241 3156 2569 3213 membranis
2598 3162 2830 3212 etlstaret
2850 3200 2866 3225 ,
2893 3154 3019 3228 quid
3046 3154 3114 3211 ab
3144 3155 3269 3225 ipsis
3292 3155 3434 3213 addi.

1868 3261 1978 3310 tum
2011 3252 2230 3316 luisset,
2259 3253 2373 3306 sive
2403 3261 2454 3306 ut
2489 3252 2845 3321 corrigerent,
2875 3252 2987 3307 sive
3015 3260 3071 3306 ut
3099 3251 3436 3320 supplerent,

1867 3346 1980 3400 sive
2009 3354 2068 3398 ut
2104 3343 2475 3407 declararent;
2503 3357 2567 3398 ac
2613 3356 2989 3414 nonnunquam
3035 3348 3207 3412 neque
3239 3340 3437 3397 indica-

1869 3444 1987 3493 rent
2017 3450 2124 3506 quo
2152 3436 2202 3490 iu
2251 3437 2367 3491 loco
2396 3434 2612 3491 codices
2640 3442 3064 3490 asservareutur.
3107 3433 3174 3489 Et
3212 3433 3286 3488 illi
3325 3434 3438 3504 qui-

1869 3528 1989 3584 dem
2026 3528 2198 3583 securi
2250 3527 2580 3595 posteritatis
2627 3525 2763 3580 bona
2814 3525 2916 3579 ﬁde
2958 3524 3219 3596 agebant;
3247 3532 3302 3580 at
3346 3540 3441 3581 nos

1869 3634 2011 3688 sepe
2049 3620 2101 3673 in
2132 3633 2224 3674 eas
2261 3618 2603 3674 difﬁcultates
2649 3614 2955 3684 incidimus,
2984 3630 3012 3669 a
3043 3617 3234 3685 quibus
3275 3621 3439 3685 expe-

1868 3709 1969 3766 diri
1995 3723 2100 3764 non
2134 3721 2431 3777 possumus,
2462 3707 2583 3775 quia
2611 3706 2721 3768 illi,
2749 3714 2870 3758 cum
2888 3708 3139 3773 possent,
3172 3703 3308 3758 viam
3336 3718 3440 3760 non

1869 3800 2239 3869 explanarunt.
2271 3797 2455 3867 Itaque
2484 3794 2742 3849 Ruinartii
2763 3792 3035 3862 diligentia
3056 3791 3316 3847 laudanda
3337 3802 3440 3860 est,

1872 3890 1962 3960 qui
1991 3904 2110 3945 cum
2144 3899 2329 3945 nactus
2371 3886 2551 3942 luisset
2582 3884 2820 3942 codicem
2869 3897 2973 3939 ms.
2998 3897 3103 3953 quo
3129 3882 3441 3939 Sirmondus

1871 3983 1924 4038 in
1958 3980 2167 4038 edenda
2206 3979 2403 4037 Notitia
2445 3979 2830 4049 provinciarum
2860 3986 2914 4031 et
2941 3976 3211 4031 civitatum
3254 3975 3442 4033 Africa:

1871 4089 2001 4129 usus
2044 4073 2248 4136 fuerat,
2283 4086 2388 4128 non
2429 4071 2598 4126 solum
2650 4070 2855 4124 titulum
2898 4076 3133 4124 veterem
3181 4065 3443 4145 restituit,

1874 4180 2062 4220 verum
2104 4165 2262 4219 etiam
2310 4162 2626 4233 scripturam
2680 4159 2880 4216 codicis
2932 4158 3128 4215 alicubi
3174 4157 3445 4222 adhibuit,

1872 4255 2068 4309 omissa
2127 4253 2569 4323 interpretatione
2618 4266 2711 4307 seu
2765 4249 3096 4306 restitutione
3142 4246 3444 4312 Sirmondi,

1873 4345 2120 4413 quamvis
2148 4342 2435 4411 probabilis
2464 4342 2562 4411 ipsi
2588 4341 2879 4395 videretur.

1945 4438 2032 4492 14.
2067 4434 2315 4489 Nonnulli
2360 4442 2605 4487 asserunt
2650 4430 2993 4485 Sirmondum
3036 4427 3446 4499 eos‘scriptores

1876 4526 2108 4582 edidisse
2133 4541 2196 4581 ex
2220 4524 2341 4581 cod.
2366 4538 2465 4578 ms.
2483 4522 2826 4578 bibliothecae
2858 4520 3171 4576 Parisiensis
3193 4520 3252 4574 S.
3272 4518 3445 4573 Victo-

1878 4619 1973 4674 ris.
2007 4618 2118 4672 Hoc
2157 4616 2327 4684 ipsum
2376 4616 2599 4669 iunucre
2648 4613 2855 4668 videtur
2886 4611 2997 4666 Nic.
3034 4610 3293 4665 Antonius
3342 4607 3444 4662 loc.

1876 4708 1967 4763 cit.
1997 4706 2130 4761 Bibl.
2162 4714 2291 4769 vel.,
2324 4704 2403 4759 vel
2426 4706 2613 4760 saltem
2639 4719 2822 4758 ansam
2851 4700 3065 4758 errandi
3096 4700 3330 4771 prarbere
3353 4715 3446 4770 po-

1878 4809 2001 4855 test.
2018 4798 2258 4854 Andreas
2281 4797 2503 4851 Bi‘vinus
2526 4796 2578 4850 in
2602 4812 2694 4850 sua
2719 4795 2983 4849 Dracontii
3006 4794 3240 4850 editione
3260 4791 3449 4845 dubius

1880 4891 2033 4946 hausit
2057 4908 2071 4943 :
2102 4888 2427 4949 Sirmondus,
2456 4889 2558 4954 ait,
2593 4886 3014 4941 Dracontium....
3055 4884 3191 4936 haud
3219 4882 3367 4936 dubie
3391 4897 3450 4936 ea

1879 4981 2085 5052 Asagrii
2105 4980 2255 5035 istius
2282 4978 2563 5049 Hispanico
2586 4977 2887 5046 exemplari,
2914 4977 3012 5031 nisi
3038 4975 3266 5045 fortassis
3292 4973 3450 5042 ipsius

1890 5070 2245 5126 Vaticanw....
2276 5070 2570 5141 publicauit.
2601 5068 2855 5133 Putabat,
2888 5074 2947 5121 ut
2989 5066 3197 5136 opinor,
3230 5064 3451 5121 Riviuus

1886 5164 2227 5218 Dracontium
2256 5161 2399 5216 curis
2448 5160 2719 5215 Michaelis
2762 5156 2933 5213 Ruizii
2979 5157 3046 5213 de
3084 5156 3286 5226 Azagra
3316 5158 3453 5228 typis

146 5252 335 5325 genii
382 5251 448 5305 ad
490 5265 625 5321 opus
669 5249 965 5315 Dracontii;
996 5258 1050 5307 et
1080 5250 1171 5305 lib.
1201 5266 1286 5313 ut,
1317 5265 1436 5320 cap.
1463 5252 1517 5315 5,
1549 5265 1669 5305 cum
1708 5266 1771 5305 ex

150 5341 469 5398 lldefonso
495 5349 766 5395 narrasset
786 5339 1058 5395 Dracontil
1096 5339 1460 5395 Hexaemeron
1487 5341 1555 5395 ab
1601 5339 1774 5411 Eugc-

144 5436 263 5492 nio
295 5442 615 5489 correctum
646 5432 832 5501 fuisse,
854 5441 910 5489 et
934 5433 1366 5503 recapitulatione
1391 5441 1551 5503 atque
1575 5448 1777 5503 appen-

141 5529 311 5586 dice
348 5524 566 5593 septimi
593 5524 699 5578 diei
739 5532 986 5590 auctum,
1018 5525 1329 5594 subiunxit:
1366 5523 1479 5579 Hoc
1504 5527 1576 5579 ita
1619 5543 1779 5580 cura-

140 5635 286 5675 tum
341 5632 477 5686 aptis
517 5616 735 5684 primum
781 5616 973 5683 prodiit
1016 5613 1234 5669 Parisiis
1273 5632 1337 5670 ex
1380 5616 1679 5671 bibliotheca
1716 5619 1775 5670 δ.

152 5688 451 5766 Victoris.
478 5704 907 5774 lpse’crrrdlnalis
934 5704 1231 5775 Aguirrius,
1253 5706 1341 5771 qui
1368 5704 1655 5759 editionem
1694 5706 1778 5759 Ili-

130 5798 487 5864 bliotheca:
515 5796 706 5855 veteris
732 5796 967 5865 curavit,
996 5804 1176 5853 notam
1204 5794 1431 5867 margini
1461 5795 1552 5851 lib.
1580 5814 1632 5865 v,
1662 5813 1777 5865 cap,

1886 5254 2088 5311 editum
2120 5253 2303 5309 fuisse.
2333 5254 2406 5307 Ex
2438 5250 2724 5306 Sirmondo
2746 5250 2859 5320 ipso
2888 5248 3014 5303 nihil
3045 5247 3232 5303 horum
3256 5249 3455 5318 colligi~

1885 5354 2001 5411 tur;
2029 5359 2149 5399 nam
2193 5345 2245 5398 in
2292 5344 2463 5397 indice
2494 5356 2713 5411 operum
2758 5355 2874 5409 quae
2904 5339 3059 5394 simul
3101 5340 3290 5395 edebat
3319 5355 3457 5392 antur
3510 5411 3521 5424 .

1889 5438 2041 5502 1619,
2077 5446 2193 5506 post
2236 5436 2452 5489 nomina
2492 5433 2711 5502 Eugenii
2734 5474 2749 5500 ,
2779 5432 3046 5488 Dracontii
3069 5474 3082 5495 ,
3114 5431 3319 5486 Martini
3358 5432 3458 5484 litt‘

1884 5528 2103 5581 micnsis
2131 5534 2186 5579 et
2225 5523 2577 5591 Columbani,
2614 5524 2747 5592 quos
2787 5521 2923 5576 unde
2965 5532 3165 5592 promat
3214 5520 3460 5573 distinrtc

1887 5634 1917 5668 ιι
1944 5631 1989 5668 ιη
2018 5614 2302 5682 exprimit,
2327 5615 2496 5668 solum
2522 5612 2668 5667 addit
2693 5631 2705 5665 :
2732 5612 2961 5668 Severini
2984 5614 3206 5681 episcopi
3232 5613 3460 5666 doctrina

1889 5723 1951 5761 ex
1989 5705 2288 5759 bibliotheca
2328 5706 2468 5777 regia
2497 5712 2543 5758 et
2574 5705 2863 5760 monasterii
2895 5704 3286 5775 Theoloyiensis.
3318 5700 3458 5754 Τῖτο-

1889 5801 1966 5856 nis
1997 5797 2241 5865 Prosperi
2268 5798 2508 5863 Aquitani
2551 5800 2796 5868 confessio
2834 5815 2898 5855 ea:
2927 5797 3196 5853 Vaticana.
3236 5792 3347 5850 Iloc
3378 5794 3456 5865 ip.

2614 5927 2777 5951 Ma..-
