3994 6290
571 375 670 460 607

1965 389 2416 452 DRACONTIUS.
2652 463 2657 468 _
3705 399 3790 455 668

572 517 687 574 sunt
721 519 790 574 ita
823 519 1074 590 repetitur
1105 518 1154 572 in
1193 516 1290 589 12
1321 513 1552 570 editione
1582 499 1866 568 Parisiensi
1894 512 2130 566 omnium
2161 513 2212 572 Α
2239 519 2523 567 mulceatur
2560 519 2757 581 doctus,
2790 521 2880 564 aut
2923 511 3161 566 doceatur
3187 517 3450 566 'maoctns.
3487 509 3634 577 Quod
3674 515 3791 580 judi.

571 624 792 680 Operum
816 607 1080 665 Sirmondi
1103 623 1226 663 cura
1247 606 1430 662 Jacobi
1453 605 1518 660 de
1545 606 1590 659 la
1615 606 1794 659 Baune
1817 617 1954 657 anno
1979 601 2135 664 1697,

529 684 538 695 ’
575 710 703 756 lout.
733 699 812 767 II,
854 715 916 755 ac
959 699 1128 754 solum
1172 697 1344 753 editor
1386 696 1452 752 ad
1499 696 1717 751 verbum
1757 693 2141 762 Tlieologiensis

574 799 760 846 notat:
799 789 947 843 Nunc
965 789 1185 842 Thaleia
1205 829 1218 854 ,
1252 787 1529 842 cmuobium
1559 786 1753 840 ordinis
1885 783 2143 838 Benedicti

574 881 642 934 ad
672 881 885 936 Sat-rant
911 881 1123 950 ﬂuvium
1149 881 1203 933 in
1230 879 1416 949 ﬁnibus
1455 879 1820 948 Lotharingitr,
1845 888 1891 932 et
1919 877 2143 930 ditecesis

577 971 902 1026 Trevirensia.
935 971 1073 1026 Nihil
1099 971 1242 1026 aliud
1266 972 1528 1040 expiscari
1561 972 1706 1039 potui
1737 977 1828 1024 aut
1856 984 1921 1024 ex
1952 967 2145 1022 Biblio-

577 1064 727 1118 theca
757 1063 970 1120 Patrum
1002 1064 1338 1133 Lugdunensi
1368 1063 1492 1118 anui
1519 1062 1676 1129 1677,
1711 1061 1798 1116 ubi
1826 1076 1984 1128 opera
2009 1061 2144 1115 Dra-

575 1155 740 1209 contii
766 1172 831 1210 ex
868 1157 1104 1212 editione
1154 1155 1528 1210 Sirmondiana
1573 1152 1918 1215 recuduntur,
1950 1161 2038 1204 aut
2081 1165 2146 1204 ex

577 1243 780 1300 Veneta
833 1246 1068 1302 editione
1120 1245 1361 1301 omnium
1416 1260 1636 1315 operum
1689 1242 1958 1299 Sirmondi
2007 1257 2148 1296 anno

579 1335 717 1391 i728
747 1337 1024 1406 publicata.

650 1427 738 1482 15.
770 1429 827 1483 In
859 1427 1181 1484 bibliotheca
1225 1428 1508 1483 Parisiensi
1543 1427 1600 1483 S.
1633 1426 1863 1481 Victoris
1891 1425 2152 1482 Montfau—

578 1519 767 1574 certius
811 1530 1056 1576 recenset
1105 1519 1493 1583 Draconicium,
1539 1518 1630 1589 qui
1675 1526 1758 1573 est
1804 1526 1988 1571 noster
2024 1516 2152 1570 Dra-

578 1612 822 1677 contius;
855 1611 949 1666 sed
971 1627 1089 1667 cum
1113 1626 1177 1666 ex
1207 1626 1268 1665 ea
1296 1610 1614 1665 bibliotheca
1645 1609 1902 1679 prodierit
1926 1609 2154 1664 Dracon-

579 1702 684 1773 tius
724 1717 864 1757 anno
892 1702 1030 1758 1560
1057 1703 1294 1768 mutilus,
1325 1711 1379 1757 et
1422 1702 1537 1757 sine
1581 1702 1826 1771 epistola,
1853 1711 1906 1757 et
1937 1703 2155 1771 prologo

579 1793 822 1861 metrico,
850 1803 904 1848 et
940 1793 1381 1862 recapitulatione
1426 1793 1680 1862 Eugenii,
1716 1792 1861 1847 illum
1911 1793 2152 1848 codicem

2242 607 2382 660 cium
2419 605 2644 673 Eugenii
2676 620 2740 659 an
2768 604 2836 659 ab
2864 604 3113 660 omnibus
3146 603 3307 659 fuerit
3333 603 3634 673 probatum,
3658 607 3789 672 paulo

2244 704 2366 764 post
2394 694 2712 750 videbimus.
2759 695 2873 749 Non
2915 696 3194 764 ignorabat
3241 695 3378 764 ipse,
3431 695 3483 749 in
3521 695 3787 765 aliquorum

2245 789 2720 860 reprehensionem
2758 804 2917 858 posse
2950 788 3086 844 hanc
3119 788 3309 856 agendi
3338 787 3602 843 rationem
3645 789 3790 845 incur-

2245 897 2397 938 rere:
2425 883 2663 952 adeoque
2697 883 2750 937 in
2784 881 3017 937 secunda
3066 881 3397 950 praefatione,
3431 890 3487 935 ut
3516 895 3636 936 sese
3661 897 3790 948 excu-

2246 981 2350 1039 set,
2383 975 2593 1041 satagit.
2629 974 2884 1028 Solebant
2912 975 3055 1029 enim
3083 983 3292 1030 veteres
3323 974 3456 1028 duas
3486 973 3789 1042 prmfatimies

2247 1064 2400 1119 libris
2441 1065 2706 1120 interdum
2746 1080 3077 1134 prmponere,
3125 1065 3418 1133 praesertim
3473 1065 3788 1120 carminibus.

2249 1154 2306 1210 In
2338 1155 2568 1210 Martiali
2600 1155 2652 1210 id
2683 1170 2906 1212 cernere
2951 1157 3097 1220 licet,
3136 1173 3201 1212 ex
3231 1171 3338 1225 quo
3365 1156 3431 1210 ad
3478 1155 3788 1211 Prudentium

2252 1258 2372 1313 pag.
2403 1243 2509 1298 232
2538 1246 2738 1310 notavi,
2773 1245 3142 1314 praefationem
3174 1245 3478 1315 hujusmodi
3507 1247 3792 1314 simpliciter

2251 1337 2520 1404 epistolam
2556 1337 2836 1406 appellari.
2871 1336 2925 1390 Id
2956 1338 3300 1392 confirmatur
3323 1352 3392 1392 ex
3432 1335 3622 1400 Statio,
3649 1336 3729 1390 lib.
3764 1353 3792 1392 ιι

2253 1425 2451 1482 Silvar.
2481 1427 2534 1480 in
2564 1427 2770 1496 prtefat.
2796 1427 2940 1482 Inter
2961 1438 3146 1496 poetas
3163 1426 3494 1482 Christianos
3510 1425 3792 1481 Prudentius

2255 1517 2588 1587 Apotheosin
2617 1518 2823 1574 duobus
2864 1519 3098 1589 prologis
3122 1521 3363 1574 carmine
3397 1519 3706 1588 conscriptis
3727 1535 3793 1574 or-

2257 1613 2421 1668 navit.
2451 1612 2721 1667 :luvencus
2752 1626 2871 1666 cum
2901 1627 3006 1666 uno
3038 1621 3238 1666 tantum
3266 1613 3487 1682 prologo
3503 1612 3792 1666 editurzsed

2257 1705 2311 1759 in
2353 1705 2640 1759 veterrimo
2665 1703 2851 1758 codice
2881 1718 2981 1760 ms.
3016 1703 3273 1758 Vaticano
3301 1719 3413 1774 reg.
3448 1704 3631 1767 Suec.,
3675 1719 3792 1757 num.

2258 1794 2382 1858 333.
2414 1795 2545 1849 duas
2570 1794 2911 1865 prtefationes
2943 1794 3264 1850 hexametris
3291 1793 3580 1857 confectas,
3598 1807 3658 1849 ac
3681 1795 3796 1849 clare

578 1883 949 1953 imperfectum
971 1886 1023 1940 in
1050 1900 1111 1940 ea
1143 1885 1464 1941 bibliotheca
1489 1885 1664 1940 adhuc
1692 1884 1896 1940 servari
1925 1884 2144 1940 creden-
2179 1878 2223 1940 Β
2251 1888 2526 1944 distinctas
2553 1887 2752 1942 inveni.
2785 1887 2921 1941 Ante
2955 1887 3176 1955 primam
3213 1886 3408 1956 legitur
3430 1885 3617 1956 Incipit
3642 1888 3796 1954 pra’fa-

579 1975 703 2030 dum
733 1985 841 2044 est,
869 1993 986 2031 non.
1005 1977 1195 2041 alium,
1228 1977 1294 2032 ad
1322 1992 1480 2046 quem
1511 1975 1830 2031 Sirmondus
1857 1989 2006 2029 suam
2037 1975 2148 2030 edi-

580 2067 780 2123 tionem
834 2068 1268 2124 eonformaverit.
1330 2069 1404 2124 De
1461 2068 1782 2124 bibliotheca
1838 2069 2149 2123 monasterii

580 2155 986 2228 Theologiensis
1016 2157 1148 2212 nihil
1179 2158 1350 2212 habeo
1381 2157 1521 2228 quod
1552 2158 1605 2212 in
1634 2159 1866 2213 medium
1907 2159 2146 2215 afferam.

579 2248 749 2319 Magis
802 2249 1137 2318 exploratum
1183 2249 1310 2303 mihi
1342 2260 1424 2304 est
1468 2249 1809 2305 Sirmondutn
1861 2249 2147 2304 editionem

581 2355 730 2395 suam
763 2341 981 2411 Eugeuii
1011 2352 1064 2397 et
1093 2341 1358 2396 Dracontii
1388 2341 1674 2396 adornasse
1721 2357 1787 2396 ex
1831 2340 2019 2398 codice
2065 2341 2151 2396 bi-

582 2431 864 2488 bliotheca:
905 2436 1065 2502 regite
1093 2433 1430 2500 Parisiensis,
1473 2449 1631 2503 quem
1676 2450 1822 2488 num.
1852 2435 1920 2488 46
1949 2433 2151 2488 descri-

582 2523 732 2591 bam;
763 2524 865 2580 hoc
894 2526 1035 2579 enim
1065 2525 1266 2591 innuit,
1298 2535 1388 2579 aut
1415 2525 1555 2580 clare
1597 2526 1756 2580 etiam
1795 2526 2026 2580 affirmat
2053 2540 2149 2577 au-

582 2605 976 2687 ctor'Catalogi
1024 2617 1267 2672 codicum
1322 2632 1448 2672 mss.
1490 2617 1605 2686 ejus
1636 2617 1996 2671 bibliotheca.
2046 2615 2151 2672 Sed

583 2710 755 2767 adhuc
783 2712 1128 2782 qumreudum
1155 2727 1398 2782 supereSt
1443 2729 1508 2767 an
1552 2714 1719 2767 veteri
1763 2713 2069 2767 charactere
2100 2713 2151 2765 in

582 2817 649 2859 eo
674 2804 858 2859 codice
886 2807 1140 2873 scriptum
1173 2804 1358 2869 fuerit,
1391 2803 1607 2873 Eugenii
1641 2804 1858 2872 cpistola
1888 2803 1955 2856 ad
1995 2802 2152 2857 Chiu-

580 2895 906 2949 dasur'ntlmm
942 2912 1138 2966 regem,
1172 2912 1235 2949 an
1267 2910 1336 2950 ex
1381 2894 1682 2964 conjectura
1729 2894 1796 2947 ab
1846 2894 2021 2962 aliquo
2072 2909 2153 2948 re-

581 2987 807 3041 centiori
855 2987 925 3041 ita
974 2987 1310 3057 appositum,
1362 2996 1452 3039 aut
1501 2985 1874 3039 declarationis
1924 2999 2084 3039 causa
2124 2999 2152 3037 a

580 3075 869 3132 Sirmondo
897 3077 1224 3147 adjunctum.
1267 3077 1472 3146 Quippe
1503 3075 2030 3129 animadvertendum
2074 3085 2154 3129 est

582 3170 778 3224 nullam
803 3172 856 3225 in
879 3179 987 3225 toto
1018 3186 1178 3240 Opere
1201 3169 1425 3224 inveniri
1456 3168 1724 3224 Sirmondi
1755 3168 2154 3223 adnotationem

2253 1979 2345 2043 tio,
2376 1992 2544 2047 eaque
2573 1977 2812 2033 absoluta
2852 1978 2969 2031 item
2999 1977 3256 2047 prwfalio.
3290 1976 3443 2031 Hunc
3470 1977 3698 2032 codicem
3732 1991 3793 2031 se-

2253 2085 2384 2139 quar
2413 2071 2467 2125 in
2510 2085 2571 2124 ea
2595 2084 2752 2137 quam
2794 2069 2992 2122 molior
3014 2067 3252 2123 editione
3280 2067 3502 2123 Juvenci
3531 2068 3595 2121 ad
3625 2076 3797 2122 veteres

2251 2162 2462 2217 codices
2489 2170 2647 2231 atque
2675 2159 2936 2216 editiones
2965 2161 3247 2229 recognhi,
3271 2159 3642 2228 perpetuisque
3664 2159 3781 2212 uotis

2252 2255 2521 2311 illustrati.
2564 2257 2757 2309 Arator
2785 2255 2917 2309 duas
2962 2254 3158 2322 elegias
3202 2254 3423 2309 Actibus
3463 2252 3792 2321 apostolorum

2253 2347 2516 2417 praeﬁxit:
2543 2346 2636 2401 sed
2665 2361 2785 2401 cum
2813 2347 2980 2401 altera
3014 2346 3134 2400 data
3161 2345 3230 2399 sil
3253 2345 3318 2400 ad
3350 2344 3651 2399 Florianum
3668 2342 3800 2398 abba-

2256 2446 2382 2500 tem,
2414 2437 2579 2491 altera
2603 2436 2667 2490 ad
2691 2432 2938 2506 Vigilium
2970 2435 3297 2505 pontiﬁcem,
3320 2444 3371 2488 et
3395 2443 3617 2502 utraque
3644 2432 3706 2486 sit
3723 2447 3801 2500 pro

2254 2528 2476 2598 epistola
2499 2527 2848 2592 dedicatoria,
2865 2529 3114 2583 existimo
3138 2529 3416 2582 Aratorem
3457 2540 3617 2580 unum
3647 2539 3802 2579 exem-

2255 2619 2371 2687 plar
2401 2619 2593 2688 Vigilio
2624 2633 2746 2673 cum
2786 2617 3012 2687 epistola
3061 2617 3126 2672 ad
3173 2631 3291 2672 eum
3333 2615 3571 2677 dedisse.
3605 2615 3802 2670 alterum

2220 2709 2508 2766 ‘Floriano
2543 2725 2664 2766 cum
2709 2709 2934 2781 epistola
2978 2709 3046 2764 ad
3091 2710 3284 2778 ipsum.
3330 2707 3482 2762 Nunc
3522 2717 3660 2762 certe
3696 2720 3804 2761 non.

2257 2801 2385 2856 nulli
2411 2801 2616 2857 duabus
2635 2801 2880 2871 epistolis
2898 2801 3243 2856 dedicatoriis
3258 2813 3352 2854 sua
3377 2813 3544 2869 opera
3571 2798 3802 2860 muniunt,

2257 2895 2342 2950 vel
2373 2910 2577 2950 morem
2610 2904 2850 2950 veterum
2879 2895 3069 2960 Secuti,
3101 2893 3187 2949 vel
3224 2892 3462 2963 qualibet
3489 2891 3592 2946 alia
3629 2889 3805 2945 ratione

2258 2988 2512 3054 pet-muti.
2564 2985 2784 3043 Sedulio
2823 2995 2931 3040 tres
2972 2985 3313 3056 praefationes
3351 2984 3520 3054 aliqui
3557 2983 3804 3052 imputant,
3843 2977 3846 2982 ’

2266 3077 2370 3149 14
2401 3079 2623 3144 primam
2655 3079 2904 3134 oratione
2926 3079 3099 3133 soluta
3131 3078 3199 3132 ad
3230 3075 3582 3143 Bonifacium,
3611 3075 3806 3130 alteram

2265 3170 2511 3233 versibus
2538 3169 2807 3239 elegiacis,
2837 3170 3028 3240 quibus
3052 3168 3120 3224 de
3147 3183 3246 3223 suo
3269 3167 3444 3237 Opere
3475 3164 3706 3221 Pascltali
3743 3165 3806 3217 Iu-

583 3277 684 3331 qua
733 3263 854 3316 sciri
902 3263 1067 3332 possit
1105 3277 1170 3316 an
1211 3262 1424 3332 aliquod
1472 3261 1690 3316 verbum
1739 3260 2021 3315 obscurum
2066 3268 2156 3314 aut
2182 3254 2228 3318 C
2259 3263 2461 3331 quitur,
2499 3262 2730 3327 tertiam,
2776 3277 2892 3326 quae
2933 3261 3130 3315 dicitur
3174 3258 3447 3314 Dedicatio
3484 3257 3550 3312 ad
3591 3255 3808 3312 Theodo-

585 3363 893 3424 corruptum
917 3357 1200 3408 mutaverit
1229 3364 1317 3409 aut
1347 3353 1658 3410 correxerit.
1689 3353 1819 3419 Quis
1847 3363 2022 3407 autem
2055 3353 2155 3408 sibi

586 3446 904 3514 persuadeat
950 3445 1186 3500 codiceni
1230 3446 1301 3500 ita
1343 3449 1561 3501 omnino
1602 3461 1720 3501 esse
1765 3447 2056 3516 scriptum,
2101 3455 2159 3501 ut

585 3550 614 3589 u
651 3535 932 3592 Sirmondo
976 3535 1150 3590 editus
1192 3536 1311 3591 est?
1349 3535 1679 3591 Crediderim
1725 3535 1882 3592 facile
1913 3537 2157 3591 Sirmon-

585 3625 709 3680 dum
757 3625 887 3680 nihil
917 3641 1104 3680 ausum
1131 3627 1236 3706 nisi
1280 3643 1340 3681 ex
1390 3627 1530 3696 justa
1577 3641 1736 3682 causa
1766 3637 1857 3680 aut
1901 3628 2158 3696 probabili

583 3717 906 3787 conjectura.
941 3715 1044 3773 Sed
1077 3725 1256 3772 nostra
1299 3718 1523 3772 interest
1568 3715 1705 3771 scire
1748 3716 1874 3785 quid
1915 3726 2061 3771 cei-to
2091 3732 2157 3772 ex

583 3809 688 3864 ﬁde
711 3825 836 3864 mss.
857 3810 1139 3866 tenendum
1164 3812 1254 3877 sit,
1273 3810 1396 3881 quid
1417 3819 1775 3881 congruenter
1792 3811 2156 3880 recipiendum

583 3919 650 3959 ex
677 3904 996 3975 coniecturis
1040 3905 1323 3962 editorum.
1352 3907 1518 3974 Quam
1560 3907 1722 3962 multa
1754 3908 1946 3977 passim
1980 3907 2156 3977 profe-

585 3998 753 4052 rimus
795 4009 1043 4068 tauquam
1086 4000 1355 4069 explorata
1397 4001 1596 4056 veteris
1623 4000 1843 4069 alicujus
1883 4002 2157 4070 scriptoris

587 4089 778 4154 verba,
809 4104 926 4158 qua:
956 4089 1180 4145 fortasse
1211 4091 1327 4159 ejus
1364 4107 1469 4145 non
1498 4100 1650 4158 sunt,
1678 4091 1772 4146 sed
1806 4090 1960 4160 primi
1989 4090 2157 4144 edito-

588 4181 691 4248 ris,
733 4183 822 4252 qui
875 4182 1048 4237 locum
1101 4184 1378 4250 mutilum,
1429 4182 1732 4250 difﬁcilem,
1777 4185 2018 4237 vitiatum
2061 4196 2157 4237 suo

587 4280 758 4327 marte
808 4272 1072 4342 sbpplevit
1092 4314 1106 4338 ,
1135 4273 1456 4340 declaravit,
1487 4274 1832 4330 emendavit?
1860 4275 2042 4344 Neque
2074 4283 2155 4328 ta-

587 4381 709 4421 men
756 4366 994 4437 plerique
1038 4365 1402 4436 hujuscemodi
1447 4367 1680 4422 editores
1720 4382 1840 4422 cum
1872 4367 2156 4423 Sirmondo

586 4459 1087 4530 tuntcomparandi.
1105 4460 1232 4527 Qua:
1255 4475 1279 4510 a
1301 4475 1386 4515 me
1403 4461 1472 4514 ita
1487 4470 1610 4516 sunt
1626 4461 1912 4531 disputata,
1938 4461 2036 4533 13
2053 4477 2155 4516 non

587 4559 644 4605 ut
669 4549 1073 4606 Cltindasvintlti
1103 4566 1297 4605 nomen
1325 4549 1559 4618 rejiciam
1581 4593 1595 4616 ,
1623 4552 1715 4608 sed
1746 4562 1800 4605 ut
1825 4551 1952 4606 illud
1981 4559 2154 4616 caute,

587 4651 642 4698 et
668 4643 838 4699 donec
867 4645 1006 4699 aliud
1031 4654 1269 4709 constet,
1303 4644 1635 4699 retinendum
1661 4660 1778 4700 esse
1807 4643 2117 4699 concludam
2142 4662 2152 4696 :
2189 4633 2238 4693 D

587 4725 698 4792 tum
729 4747 786 4792 ut
821 4737 886 4791 ad
917 4737 1130 4792 codices
1169 4737 1439 4791 Dracontii
1488 4736 1791 4808 diligentius
1838 4735 2159 4804 quaerendus

588 4836 642 4882 et
670 4827 1048 4893 confcrendos,
1080 4827 1124 4882 si
1153 4828 1241 4899 qui
1266 4827 1353 4882 alii
1401 4829 1573 4885 adhuc
1614 4831 1752 4896 sint,
1800 4829 2156 4885 Hisnanorum

588 4921 900 4978 industriam
929 4918 1176 4977 excitem.

659 5015 743 5069 16.
788 5015 862 5068 Ex
890 5015 1112 5084 epistola
1151 5015 1371 5085 Eugenii
1406 5025 1548 5086 patet
1587 5014 1714 5084 quid
1760 5013 1811 5067 in
1862 5011 2151 5066 Dracontio

588 5104 923 5162 emendando
953 5105 1019 5158 ab
1048 5107 1160 5175 ipso
1201 5107 1490 5176 praestitum
1540 5105 1723 5160 fuerit.
1773 5103 1968 5157 Putant
2013 5103 2154 5158 enim

589 5196 826 5251 nonnulli
873 5198 1005 5252 nihil
1043 5198 1182 5252 aliud
1221 5199 1393 5268 egisse
1435 5198 1751 5266 Eugenium,
1786 5195 1884 5248 nisi
1919 5206 1973 5248 ut
2013 5193 2160 5248 codi-

591 5301 728 5351 cem,
759 5296 1018 5344 vetustate
1047 5296 1101 5342 et
1145 5289 1484 5342 librariorum
1531 5286 1844 5356 negligentia
1895 5285 2156 5349 vitiatum,

505 5400 517 5413 -
587 5378 895 5448 corrigeret.
926 5381 1031 5435 Sed
1060 5380 1198 5435 aliud
1229 5379 1328 5433 sibi
1360 5379 1542 5434 volunt
1565 5394 1624 5432 ea
1653 5377 1812 5432 verba
1841 5395 1851 5428 :
1885 5376 2158 5444 Super/tua

589 5473 856 5538 demerent,
887 5473 1161 5542 semiplena
1207 5474 1514 5542 supplerem,
1558 5472 1722 5540 fracta
1759 5468 2155 5531 constabilirent,

589 5575 635 5618 et
663 5565 834 5618 crebro
857 5568 1069 5634 repetita
1095 5576 1340 5620 mutarent
1366 5580 1384 5619 :
1412 5575 1517 5619 tum
1544 5565 1702 5619 etiam
1750 5561 1887 5629 quod
1922 5558 2069 5611 addit
2093 5557 2159 5608 de

589 5657 883 5726 versiculis,
912 5673 1044 5727 quos
1072 5659 1364 5724 subtraxit,
1397 5658 1517 5726 quia
1540 5666 1588 5709 et
1610 5671 1757 5709 seum
1777 5653 1956 5722 tepidi,
1989 5661 2032 5703 et
2058 5665 2162 5702 ver-

587 5749 658 5802 bis
687 5750 904 5819 illepidi,
945 5762 989 5804 et
1021 5750 1165 5803 nulla
1207 5749 1484 5819 probantur
1519 5748 1714 5800 ratione
1741 5743 1964 5806 subnixi,
1995 5757 2083 5793 nec
2109 5739 2159 5790 in

588 5839 656 5897 tit
682 5840 878 5913 aliquid
909 5842 1175 5912 reperitur,
1203 5857 1302 5914 quo
1325 5840 1521 5896 lectoris
1541 5840 1742 5894 animus.
1768 5837 2045 5899 animetur,
2069 5841 2158 5888 aut

2262 3355 2398 3408 sium
2435 3355 2754 3423 Augustum.
2790 3353 2983 3408 Verum
3009 3353 3123 3406 haec
3144 3350 3417 3406 Dedicatio
3447 3350 3500 3403 in
3530 3348 3665 3404 nullo
3684 3346 3808 3403 codi-

2262 3463 2380 3504 cum
2425 3447 2826 3512 Vaticano'rum,
2863 3448 2951 3516 qui
2997 3443 3198 3502 Sedulii
3238 3453 3292 3500 et
3338 3443 3406 3499 de
3463 3441 3670 3498 Sedulio
3717 3453 3809 3492 non

2263 3541 2416 3609 pauci
2462 3551 2606 3604 sunt,
2651 3554 2678 3592 a
2731 3554 2817 3595 me
2854 3547 3066 3608 reperta
3113 3544 3216 3602 est,
3261 3545 3314 3591 et
3355 3534 3600 3592 Sedulius
3625 3532 3809 3588 diversa

2260 3630 2467 3685 ratione
2493 3631 2652 3686 metri
2681 3631 2826 3699 leges
2852 3629 3190 3698 sequebatur.

2335 3721 2420 3777 I7.
2451 3722 2545 3778 Ilis
2571 3732 2808 3779 veterum
2845 3736 3126 3793 poetarum
3159 3722 3415 3792 exemplis
3443 3722 3630 3776 ductus
3661 3719 3810 3787 Euge-

2261 3815 2382 3868 nius
2419 3815 2611 3883 prima:
2662 3815 2959 3884 praefationi
3003 3814 3224 3869 alteram
3262 3811 3557 3882 subjunxit,
3581 3825 3674 3881 qua
3705 3822 3811 3863 sese

2260 3916 2479 3960 excusat
2526 3907 2664 3974 quod
2695 3907 2967 3962 Dracontii
3002 3921 3189 3975 poema
3219 3905 3601 3963 emendaverit.
3634 3903 3704 3958 Ea
3731 3917 3810 3955 au-

2265 4005 2368 4050 tem
2408 3997 2478 4050 ita
2521 3996 2681 4052 habet
2710 3997 2764 4052 in
2806 4007 3036 4067 utraque
3060 3996 3297 4053 editione
3341 3996 3726 4058 Sirmondiaua,
3766 4001 3810 4045 et

2261 4085 2552 4142 Matriteusi
2585 4089 2703 4144 sine
2728 4088 2830 4143 ulla
2858 4088 3238 4159 discrepantia,
3267 4097 3373 4144 uta
3403 4087 3555 4144 nobis
3593 4087 3685 4141 hoc
3708 4085 3811 4140 loco

2259 4189 2695 4249 repraesentatur.

2391 4271 2623 4338 Principis
2646 4266 2886 4334 insig'nem
2909 4276 3078 4326 faciem
3103 4279 3286 4338 visure,
3314 4275 3503 4336 libelle,

2383 4334 2530 4398 Qujus
2552 4334 2607 4383 ad
2632 4340 2886 4397 imperium
2909 4341 3132 4389 meruisti
3153 4334 3296 4389 Sorde
3317 4350 3490 4387 carere

2387 4397 2654 4462 Et’capere
2681 4399 2880 4462 nitidam
2903 4399 3047 4462 longo
3076 4407 3180 4461 post
3205 4409 3426 4460 tempore
3450 4398 3632 4462 pallam,

2385 4458 2602 4523 Cmperis
2625 4469 2675 4508 ut
2701 4460 2846 4523 limen
2871 4461 2994 4523 aulae
3017 4458 3198 4523 regalis
3219 4458 3373 4519 adire,

2384 4519 2548 4579 Atque
2571 4533 2688 4568 auro
2712 4521 2857 4570 rutilo
2881 4519 3148 4572 radiantem
3171 4535 3385 4571 cernere
3407 4531 3592 4580 sedem,

2389 4581 2552 4645 Incipe
2575 4595 2718 4643 quam
2742 4584 2949 4644 primum
2975 4584 3132 4643 largas
3154 4584 3437 4645 persolvere
3463 4589 3635 4645 grates.

2385 4641 2614 4704 ErrOrum
2641 4641 2764 4704 quod
2793 4647 2924 4692 nube
2948 4641 3123 4694 carens
3146 4641 3401 4694 correctus
3425 4641 3613 4692 haberis
3639 4655 3650 4687 ;

2388 4703 2512 4767 Dein
2545 4712 2813 4763 prouratus
2836 4705 2967 4767 humi
2997 4709 3182 4755 veniam
3206 4706 3419 4764 deposr-e
3445 4709 3652 4767 precatu,

2386 4764 2672 4828 Latorisque
2701 4767 2770 4814 tui
2796 4765 2950 4815 solers
2974 4775 3202 4828 patronus
3219 4769 3416 4827 adesto;

2389 4824 2613 4886 Ignoscat
2633 4827 2860 4887 plataidus,
2898 4824 3114 4888 ignoscat
3138 4835 3304 4877 mente
3329 4824 3584 4887 benignus,

2387 4888 2522 4944 Quod
2544 4896 2592 4934 te
2617 4889 2910 4936 sordidulur‘n
2942 4890 3054 4936 dum
3079 4902 3224 4937 conor
3248 4891 3345 4937 rite
3370 4889 3550 4942 lavare,

2386 4950 2619 5011 Asperius
2643 4951 2873 5011 impressa
2896 4963 3065 4998 manus
3089 4950 3332 4998 tenuando
3365 4951 3549 5010 pollvit.

2384 5011 2444 5073 At
2460 5009 2505 5058 si
2530 5010 2592 5057 de
2615 5009 2758 5073 plebe
2778 5014 3028 5072 quisquam
3052 5013 3202 5059 livore
3221 5009 3451 5073 perustus

2384 5071 2574 5121 Dixerit
2595 5069 2705 5133 {Et
2723 5069 2829 5131 quis
2854 5069 2944 5132 est,
2972 5078 3194 5120 veterum
3219 5069 3301 5133 qui
3326 5073 3535 5133 carmina
3559 5069 3732 5125 mutat?

2387 5134 2565 5194 Scribit
2588 5135 2667 5193 qui
2698 5131 2884 5182 levibus
2907 5131 3257 5194 epigrammata
3282 5145 3402 5181 vana
3424 5132 3624 5183 libellis?

2387 5193 2588 5242 Noverit
2617 5197 2704 5241 hoc
2739 5195 2864 5253 ipse,
2891 5195 3017 5254 quod
3051 5208 3285 5254 nusquam
3309 5195 3448 5253 culpa
3476 5201 3676 5252 putatur,

2389 5256 2539 5312 Quam
2574 5267 2667 5302 non
2685 5255 2811 5303 velle
2839 5257 2986 5312 videt,
3011 5257 3097 5302 svd
3120 5256 3270 5310 maior
3289 5256 3444 5314 jussio
3466 5257 3593 5312 cogit

2316 5349 2318 5351 ›
2387 5317 2610 5378 Denique
2630 5318 2760 5373 iussa
2794 5317 2917 5365 bona
2939 5318 3050 5364 dum
3076 5316 3439 5377 promulgantur
3463 5316 3659 5378 agentia,

2387 5379 2478 5433 Qui
2499 5374 2722 5436 complet,
2747 5378 2957 5435 sapiens.
2978 5380 3059 5439 qui
3077 5374 3181 5427 vult
3198 5374 3534 5432 contemnere,
3554 5374 3761 5423 demens.

2390 5441 2523 5496 Quod
2545 5440 2582 5486 si
2611 5440 2864 5500 Virgilius,
2891 5447 2943 5488 et
2967 5447 3123 5488 vatum
3145 5451 3362 5487 summus
3388 5439 3619 5486 Homerus

2391 5502 2650 5562 (tonsuram
2676 5513 2906 5549 meruere
2934 5514 3104 5562 novatn
3130 5508 3234 5562 post
3252 5500 3345 5548 fata
3365 5501 3551 5562 subire,

2393 5561 2543 5616 Onam
2567 5562 2650 5609 dat
2669 5561 2992 5621 Aristarchus,
3012 5558 3192 5615 Tucca,
3213 5562 3505 5622 Variusque,
3526 5558 3822 5617 Probusque,

2388 5623 2482 5672 Cur
2507 5623 2819 5682 dedignatur,
2845 5625 2972 5677 quod
2993 5625 3156 5682 jussus
3181 5623 3400 5683 principe
3425 5633 3595 5682 magno

2392 5683 2593 5731 Parvula
2621 5685 2857 5745 [imparui
2882 5684 3107 5732 Draconti
3128 5684 3337 5745 carmina
3358 5684 3468 5731 libri

2388 5743 2887 5806 I’arvulns’Eugenius
2908 5757 3141 5806 nugarum
3165 5743 3294 5791 mole
3321 5743 3484 5805 piari?

2335 5828 2421 5888 18.
2456 5827 2554 5904 15
2585 5826 2641 5884 In
2673 5843 2828 5886 versu
2871 5829 2936 5887 l7
2965 5827 3252 5885 obscurum
3282 5835 3363 5882 est
3391 5840 3541 5890 quam
3573 5837 3666 5878 non
3698 5817 3829 5872 velle
