  <div class='ocr_page' id='page_1' title='image "/cluster/home/n/w/nwhite01/storage/ocr_20150623/60/hvd.32044015469299/316.png"; bbox 0 0 3994 6290; ppageno 0'>
   <div class='ocr_carea' id='block_1_1' title="bbox 200 392 307 451">
    <p class='ocr_par' dir='ltr' id='par_1_1' title="bbox 200 392 307 451">
     <span class='ocr_line' id='line_1_1' title="bbox 200 392 307 451; baseline 0.019 -2"><span class='ocrx_word' id='word_1_1' title='bbox 200 392 307 451; x_wconf 79' lang='lat'><strong>609</strong></span> 
     </span>
    </p>
   </div>
   <div class='ocr_carea' id='block_1_2' title="bbox 1550 397 2083 458">
    <p class='ocr_par' dir='ltr' id='par_1_2' title="bbox 1550 397 2083 458">
     <span class='ocr_line' id='line_1_2' title="bbox 1550 397 2083 458; baseline 0.002 -4"><span class='ocrx_word' id='word_1_2' title='bbox 1550 397 2058 458; x_wconf 77' lang='lat' dir='ltr'><strong>PROLEGOMENA</strong></span> <span class='ocrx_word' id='word_1_3' title='bbox 2070 441 2083 454; x_wconf 96' lang='lat'><strong>.</strong></span> 
     </span>
    </p>
   </div>
   <div class='ocr_carea' id='block_1_3' title="bbox 3355 412 3469 478">
    <p class='ocr_par' dir='ltr' id='par_1_3' title="bbox 3355 412 3469 478">
     <span class='ocr_line' id='line_1_3' title="bbox 3355 412 3469 478; baseline 0.053 -5"><span class='ocrx_word' id='word_1_4' title='bbox 3355 412 3469 478; x_wconf 71' lang='grc'><strong>610</strong></span> 
     </span>
    </p>
   </div>
   <div class='ocr_carea' id='block_1_4' title="bbox 201 510 3466 605">
    <p class='ocr_par' dir='ltr' id='par_1_4' title="bbox 201 510 3466 605">
     <span class='ocr_line' id='line_1_4' title="bbox 201 510 3466 605; baseline 0.005 -34"><span class='ocrx_word' id='word_1_5' title='bbox 201 516 373 580; x_wconf 76' lang='lat' dir='ltr'><strong>videt;</strong></span> <span class='ocrx_word' id='word_1_6' title='bbox 408 523 464 571; x_wconf 88' lang='lat' dir='ltr'><strong>et</strong></span> <span class='ocrx_word' id='word_1_7' title='bbox 508 514 731 570; x_wconf 77' lang='lat' dir='ltr'><strong>fortasse</strong></span> <span class='ocrx_word' id='word_1_8' title='bbox 763 510 1027 581; x_wconf 76' lang='lat' dir='ltr'><strong>Eugenius</strong></span> <span class='ocrx_word' id='word_1_9' title='bbox 1051 510 1266 580; x_wconf 78' lang='lat' dir='ltr'><strong>scripsit</strong></span> <span class='ocrx_word' id='word_1_10' title='bbox 1294 511 1419 567; x_wconf 85' lang='lat' dir='ltr'><strong>velle</strong></span> <span class='ocrx_word' id='word_1_11' title='bbox 1464 527 1652 580; x_wconf 84' lang='lat' dir='ltr'><strong>meum,</strong></span> <span class='ocrx_word' id='word_1_12' title='bbox 1687 520 1780 569; x_wconf 88' lang='lat' dir='ltr'><strong>aut</strong></span> <span class='ocrx_word' id='word_1_13' title='bbox 1805 518 1861 581; x_wconf 74' lang='grc' dir='ltr'><strong>Α</strong></span> <span class='ocrx_word' id='word_1_14' title='bbox 1886 514 2197 582; x_wconf 68' lang='lat' dir='ltr'><strong>praedicare,</strong></span> <span class='ocrx_word' id='word_1_15' title='bbox 2228 514 2280 569; x_wconf 91' lang='lat' dir='ltr'><strong>in</strong></span> <span class='ocrx_word' id='word_1_16' title='bbox 2309 515 2445 571; x_wconf 90' lang='lat' dir='ltr'><strong>libro</strong></span> <span class='ocrx_word' id='word_1_17' title='bbox 2473 532 2642 586; x_wconf 78' lang='lat' dir='ltr'><strong>primo</strong></span> <span class='ocrx_word' id='word_1_18' title='bbox 2668 520 2901 578; x_wconf 85' lang='lat' dir='ltr'><strong>hominis</strong></span> <span class='ocrx_word' id='word_1_19' title='bbox 2921 526 3269 596; x_wconf 81' lang='lat' dir='ltr'><strong>creationem,</strong></span> <span class='ocrx_word' id='word_1_20' title='bbox 3296 540 3466 605; x_wconf 81' lang='lat' dir='ltr'><strong>atque</strong></span> 
     </span>
    </p>
   </div>
   <div class='ocr_carea' id='block_1_5' title="bbox 200 600 1783 675">
    <p class='ocr_par' dir='ltr' id='par_1_5' title="bbox 200 600 1783 675">
     <span class='ocr_line' id='line_1_5' title="bbox 200 600 1783 675; baseline -0.003 -12"><span class='ocrx_word' id='word_1_21' title='bbox 200 608 334 664; x_wconf 74' lang='lat' dir='ltr'><strong>velle</strong></span> <span class='ocrx_word' id='word_1_22' title='bbox 352 622 525 671; x_wconf 76' lang='lat' dir='ltr'><strong>suum,</strong></span> <span class='ocrx_word' id='word_1_23' title='bbox 556 614 643 660; x_wconf 86' lang='lat' dir='ltr'><strong>aut</strong></span> <span class='ocrx_word' id='word_1_24' title='bbox 672 605 797 659; x_wconf 82' lang='lat' dir='ltr'><strong><em>velle</em></strong></span> <span class='ocrx_word' id='word_1_25' title='bbox 816 603 981 674; x_wconf 85' lang='lat' dir='ltr'><strong>jubet.</strong></span> <span class='ocrx_word' id='word_1_26' title='bbox 1009 602 1187 657; x_wconf 79' lang='lat' dir='ltr'><strong>Poetzn</strong></span> <span class='ocrx_word' id='word_1_27' title='bbox 1213 600 1505 659; x_wconf 73' lang='lat' dir='ltr'><strong>Christiani</strong></span> <span class='ocrx_word' id='word_1_28' title='bbox 1538 604 1664 657; x_wconf 82' lang='lat' dir='ltr'><strong>velle</strong></span> <span class='ocrx_word' id='word_1_29' title='bbox 1686 620 1783 675; x_wconf 86' lang='lat' dir='ltr'><strong>pro</strong></span> 
     </span>
    </p>
   </div>
   <div class='ocr_carea' id='block_1_6' title="bbox 202 688 1779 768">
    <p class='ocr_par' dir='ltr' id='par_1_6' title="bbox 202 688 1779 768">
     <span class='ocr_line' id='line_1_6' title="bbox 202 688 1779 768; baseline -0.001 -15"><span class='ocrx_word' id='word_1_30' title='bbox 202 700 503 765; x_wconf 77' lang='lat' dir='ltr'><strong>voluntate,</strong></span> <span class='ocrx_word' id='word_1_31' title='bbox 548 713 694 766; x_wconf 90' lang='lat' dir='ltr'><strong>posse</strong></span> <span class='ocrx_word' id='word_1_32' title='bbox 732 688 829 768; x_wconf 85' lang='lat' dir='ltr'><strong>pro</strong></span> <span class='ocrx_word' id='word_1_33' title='bbox 868 704 1128 764; x_wconf 70' lang='lat' dir='ltr'><strong>potestate</strong></span> <span class='ocrx_word' id='word_1_34' title='bbox 1157 704 1435 764; x_wconf 89' lang='lat' dir='ltr'><strong>usurpant.</strong></span> <span class='ocrx_word' id='word_1_35' title='bbox 1470 695 1608 751; x_wconf 91' lang='lat' dir='ltr'><strong>Vide</strong></span> <span class='ocrx_word' id='word_1_36' title='bbox 1637 710 1779 751; x_wconf 89' lang='lat' dir='ltr'><strong>vers.</strong></span> 
     </span>
    </p>
   </div>
   <div class='ocr_carea' id='block_1_7' title="bbox 203 785 1784 858">
    <p class='ocr_par' dir='ltr' id='par_1_7' title="bbox 203 785 1784 858">
     <span class='ocr_line' id='line_1_7' title="bbox 203 785 1784 858; baseline -0.006 -9"><span class='ocrx_word' id='word_1_37' title='bbox 203 794 309 849; x_wconf 81' lang='lat'><strong>567</strong></span> <span class='ocrx_word' id='word_1_38' title='bbox 343 794 437 848; x_wconf 97' lang='lat' dir='ltr'><strong>lib.</strong></span> <span class='ocrx_word' id='word_1_39' title='bbox 466 807 481 846; x_wconf 89' lang='grc' dir='ltr'><strong>ι</strong></span> <span class='ocrx_word' id='word_1_40' title='bbox 516 789 808 854; x_wconf 91' lang='lat' dir='ltr'><strong>Dracontii,</strong></span> <span class='ocrx_word' id='word_1_41' title='bbox 845 787 986 842; x_wconf 84' lang='lat' dir='ltr'><strong>Velle</strong></span> <span class='ocrx_word' id='word_1_42' title='bbox 1013 803 1180 858; x_wconf 86' lang='lat' dir='ltr'><strong>pares,</strong></span> <span class='ocrx_word' id='word_1_43' title='bbox 1212 796 1260 840; x_wconf 87' lang='lat' dir='ltr'><strong>et</strong></span> <span class='ocrx_word' id='word_1_44' title='bbox 1289 786 1427 841; x_wconf 86' lang='lat' dir='ltr'><strong>nolle</strong></span> <span class='ocrx_word' id='word_1_45' title='bbox 1468 803 1638 856; x_wconf 84' lang='lat' dir='ltr'><strong>pares.</strong></span> <span class='ocrx_word' id='word_1_46' title='bbox 1662 785 1784 840; x_wconf 73' lang='lat' dir='ltr'><strong>Cre-</strong></span> 
     </span>
    </p>
   </div>
   <div class='ocr_carea' id='block_1_8' title="bbox 205 878 1784 951">
    <p class='ocr_par' dir='ltr' id='par_1_8' title="bbox 205 878 1784 951">
     <span class='ocr_line' id='line_1_8' title="bbox 205 878 1784 951; baseline -0.005 -11"><span class='ocrx_word' id='word_1_47' title='bbox 205 895 321 940; x_wconf 84' lang='lat' dir='ltr'><strong>tera</strong></span> <span class='ocrx_word' id='word_1_48' title='bbox 351 881 631 939; x_wconf 87' lang='lat' dir='ltr'><strong>commode</strong></span> <span class='ocrx_word' id='word_1_49' title='bbox 666 880 980 951; x_wconf 87' lang='lat' dir='ltr'><strong>procedunt,</strong></span> <span class='ocrx_word' id='word_1_50' title='bbox 1025 878 1126 933; x_wconf 90' lang='lat' dir='ltr'><strong>nisi</strong></span> <span class='ocrx_word' id='word_1_51' title='bbox 1170 879 1310 949; x_wconf 88' lang='lat' dir='ltr'><strong>quod</strong></span> <span class='ocrx_word' id='word_1_52' title='bbox 1341 879 1537 947; x_wconf 60' lang='lat' dir='ltr'><strong>saepius</strong></span> <span class='ocrx_word' id='word_1_53' title='bbox 1578 878 1784 933; x_wconf 83' lang='lat' dir='ltr'><strong>ratione</strong></span> 
     </span>
    </p>
   </div>
   <div class='ocr_carea' id='block_1_9' title="bbox 204 968 1787 1039">
    <p class='ocr_par' dir='ltr' id='par_1_9' title="bbox 204 968 1787 1039">
     <span class='ocr_line' id='line_1_9' title="bbox 204 968 1787 1039; baseline -0.007 -7"><span class='ocrx_word' id='word_1_54' title='bbox 204 976 379 1032; x_wconf 84' lang='lat' dir='ltr'><strong>solius</strong></span> <span class='ocrx_word' id='word_1_55' title='bbox 402 987 623 1028; x_wconf 67' lang='lat' dir='ltr'><strong>caesum</strong></span> <span class='ocrx_word' id='word_1_56' title='bbox 648 971 869 1027; x_wconf 85' lang='lat' dir='ltr'><strong>brevem</strong></span> <span class='ocrx_word' id='word_1_57' title='bbox 899 968 1162 1039; x_wconf 79' lang='lat' dir='ltr'><strong>producit.</strong></span> <span class='ocrx_word' id='word_1_58' title='bbox 1198 968 1417 1023; x_wconf 82' lang='lat' dir='ltr'><strong>Rivinus</strong></span> <span class='ocrx_word' id='word_1_59' title='bbox 1449 969 1499 1023; x_wconf 91' lang='lat' dir='ltr'><strong>in</strong></span> <span class='ocrx_word' id='word_1_60' title='bbox 1531 969 1787 1023; x_wconf 88' lang='lat' dir='ltr'><strong>emenda-</strong></span> 
     </span>
    </p>
   </div>
   <div class='ocr_carea' id='block_1_10' title="bbox 207 1058 1783 1133">
    <p class='ocr_par' dir='ltr' id='par_1_10' title="bbox 207 1058 1783 1133">
     <span class='ocr_line' id='line_1_10' title="bbox 207 1058 1783 1133; baseline -0.004 -13"><span class='ocrx_word' id='word_1_61' title='bbox 207 1067 303 1133; x_wconf 79' lang='lat' dir='ltr'><strong>tis,</strong></span> <span class='ocrx_word' id='word_1_62' title='bbox 331 1066 516 1119; x_wconf 85' lang='lat' dir='ltr'><strong>nescio</strong></span> <span class='ocrx_word' id='word_1_63' title='bbox 542 1079 637 1117; x_wconf 91' lang='lat' dir='ltr'><strong>cur</strong></span> <span class='ocrx_word' id='word_1_64' title='bbox 665 1076 806 1117; x_wconf 85' lang='lat' dir='ltr'><strong>vers.</strong></span> <span class='ocrx_word' id='word_1_65' title='bbox 850 1060 884 1114; x_wconf 81' lang='grc'>5</span> <span class='ocrx_word' id='word_1_66' title='bbox 919 1060 1217 1115; x_wconf 77' lang='lat' dir='ltr'><strong>correxerit</strong></span> <span class='ocrx_word' id='word_1_67' title='bbox 1245 1058 1310 1112; x_wconf 85' lang='lat' dir='ltr'><strong>Et</strong></span> <span class='ocrx_word' id='word_1_68' title='bbox 1345 1059 1563 1113; x_wconf 86' lang='lat' dir='ltr'><strong>nitidum</strong></span> <span class='ocrx_word' id='word_1_69' title='bbox 1604 1075 1783 1128; x_wconf 79' lang='lat' dir='ltr'><strong>capere</strong></span> 
     </span>
    </p>
   </div>
   <div class='ocr_carea' id='block_1_11' title="bbox 204 1149 1780 1230">
    <p class='ocr_par' dir='ltr' id='par_1_11' title="bbox 204 1149 1780 1230">
     <span class='ocr_line' id='line_1_11' title="bbox 204 1149 1780 1230; baseline -0.006 -16"><span class='ocrx_word' id='word_1_70' title='bbox 204 1163 381 1230; x_wconf 85' lang='lat' dir='ltr'><strong>longe,</strong></span> <span class='ocrx_word' id='word_1_71' title='bbox 406 1170 503 1225; x_wconf 89' lang='lat' dir='ltr'><strong>pro</strong></span> <span class='ocrx_word' id='word_1_72' title='bbox 531 1153 599 1207; x_wconf 87' lang='lat' dir='ltr'><strong>Et</strong></span> <span class='ocrx_word' id='word_1_73' title='bbox 627 1168 806 1222; x_wconf 82' lang='lat' dir='ltr'><strong>capere</strong></span> <span class='ocrx_word' id='word_1_74' title='bbox 831 1151 1049 1205; x_wconf 80' lang='lat' dir='ltr'><strong>nitidam</strong></span> <span class='ocrx_word' id='word_1_75' title='bbox 1079 1151 1249 1219; x_wconf 86' lang='lat' dir='ltr'><strong>longo.</strong></span> <span class='ocrx_word' id='word_1_76' title='bbox 1270 1149 1439 1217; x_wconf 83' lang='lat' dir='ltr'><strong>idem,</strong></span> <span class='ocrx_word' id='word_1_77' title='bbox 1475 1149 1607 1205; x_wconf 87' lang='lat' dir='ltr'><strong>ibid.</strong></span> <span class='ocrx_word' id='word_1_78' title='bbox 1637 1164 1780 1204; x_wconf 91' lang='lat' dir='ltr'><strong>vers.</strong></span> 
     </span>
    </p>
   </div>
   <div class='ocr_carea' id='block_1_12' title="bbox 206 1244 1785 1321">
    <p class='ocr_par' dir='ltr' id='par_1_12' title="bbox 206 1244 1785 1321">
     <span class='ocr_line' id='line_1_12' title="bbox 206 1244 1785 1321; baseline -0.005 -14"><span class='ocrx_word' id='word_1_79' title='bbox 206 1251 297 1318; x_wconf 75' lang='grc'><strong>14,</strong></span> <span class='ocrx_word' id='word_1_80' title='bbox 333 1266 429 1321; x_wconf 88' lang='lat' dir='ltr'><strong>pro</strong></span> <span class='ocrx_word' id='word_1_81' title='bbox 455 1257 501 1302; x_wconf 82' lang='lat' dir='ltr'><strong>et</strong></span> <span class='ocrx_word' id='word_1_82' title='bbox 527 1247 639 1319; x_wconf 91' lang='lat' dir='ltr'><strong>quis</strong></span> <span class='ocrx_word' id='word_1_83' title='bbox 669 1257 739 1301; x_wconf 88' lang='lat' dir='ltr'><strong>est</strong></span> <span class='ocrx_word' id='word_1_84' title='bbox 769 1246 949 1316; x_wconf 87' lang='lat' dir='ltr'><strong>posuit</strong></span> <span class='ocrx_word' id='word_1_85' title='bbox 977 1254 1024 1300; x_wconf 89' lang='lat' dir='ltr'><strong>et</strong></span> <span class='ocrx_word' id='word_1_86' title='bbox 1048 1247 1281 1316; x_wconf 81' lang='lat' dir='ltr'><strong>quisnam</strong></span> <span class='ocrx_word' id='word_1_87' title='bbox 1308 1252 1417 1311; x_wconf 79' lang='lat' dir='ltr'><strong>est;</strong></span> <span class='ocrx_word' id='word_1_88' title='bbox 1458 1246 1551 1299; x_wconf 90' lang='lat' dir='ltr'><strong>sed</strong></span> <span class='ocrx_word' id='word_1_89' title='bbox 1582 1246 1635 1299; x_wconf 89' lang='lat' dir='ltr'><strong>itt</strong></span> <span class='ocrx_word' id='word_1_90' title='bbox 1679 1244 1785 1299; x_wconf 81' lang='lat' dir='ltr'><strong>Eu-</strong></span> 
     </span>
    </p>
   </div>
   <div class='ocr_carea' id='block_1_13' title="bbox 204 1335 1783 1413">
    <p class='ocr_par' dir='ltr' id='par_1_13' title="bbox 204 1335 1783 1413">
     <span class='ocr_line' id='line_1_13' title="bbox 204 1335 1783 1413; baseline -0.007 -16"><span class='ocrx_word' id='word_1_91' title='bbox 204 1342 369 1413; x_wconf 87' lang='lat' dir='ltr'><strong>genio</strong></span> <span class='ocrx_word' id='word_1_92' title='bbox 396 1342 589 1395; x_wconf 86' lang='lat' dir='ltr'><strong>mirum</strong></span> <span class='ocrx_word' id='word_1_93' title='bbox 622 1337 791 1393; x_wconf 88' lang='lat' dir='ltr'><strong>videri</strong></span> <span class='ocrx_word' id='word_1_94' title='bbox 819 1352 925 1392; x_wconf 89' lang='lat' dir='ltr'><strong>non</strong></span> <span class='ocrx_word' id='word_1_95' title='bbox 957 1336 1113 1391; x_wconf 86' lang='lat' dir='ltr'><strong>debet</strong></span> <span class='ocrx_word' id='word_1_96' title='bbox 1142 1339 1280 1405; x_wconf 90' lang='lat' dir='ltr'><strong>quod</strong></span> <span class='ocrx_word' id='word_1_97' title='bbox 1320 1335 1627 1405; x_wconf 84' lang='lat' dir='ltr'><strong>produxerit</strong></span> <span class='ocrx_word' id='word_1_98' title='bbox 1650 1338 1783 1406; x_wconf 80' lang='lat' dir='ltr'><strong>quis,</strong></span> 
     </span>
    </p>
   </div>
   <div class='ocr_carea' id='block_1_14' title="bbox 204 1428 1787 1505">
    <p class='ocr_par' dir='ltr' id='par_1_14' title="bbox 204 1428 1787 1505">
     <span class='ocr_line' id='line_1_14' title="bbox 204 1428 1787 1505; baseline -0.007 -13"><span class='ocrx_word' id='word_1_99' title='bbox 204 1447 259 1492; x_wconf 89' lang='lat' dir='ltr'><strong>et</strong></span> <span class='ocrx_word' id='word_1_100' title='bbox 289 1434 544 1505; x_wconf 84' lang='lat' dir='ltr'><strong>frigidum</strong></span> <span class='ocrx_word' id='word_1_101' title='bbox 574 1441 656 1487; x_wconf 88' lang='lat' dir='ltr'><strong>est</strong></span> <span class='ocrx_word' id='word_1_102' title='bbox 680 1432 913 1503; x_wconf 82' lang='lat' dir='ltr'><strong>quisnam</strong></span> <span class='ocrx_word' id='word_1_103' title='bbox 942 1439 1013 1484; x_wconf 84' lang='lat' dir='ltr'><strong>est</strong></span> <span class='ocrx_word' id='word_1_104' title='bbox 1046 1430 1145 1483; x_wconf 91' lang='lat' dir='ltr'><strong>hoc</strong></span> <span class='ocrx_word' id='word_1_105' title='bbox 1189 1431 1323 1484; x_wconf 92' lang='lat' dir='ltr'><strong>loco.</strong></span> <span class='ocrx_word' id='word_1_106' title='bbox 1360 1428 1413 1483; x_wconf 88' lang='lat' dir='ltr'><strong>In</strong></span> <span class='ocrx_word' id='word_1_107' title='bbox 1446 1428 1636 1482; x_wconf 82' lang='lat' dir='ltr'><strong>Rivino</strong></span> <span class='ocrx_word' id='word_1_108' title='bbox 1663 1430 1787 1481; x_wconf 83' lang='lat' dir='ltr'><strong>niti-</strong></span> 
     </span>
    </p>
   </div>
   <div class='ocr_carea' id='block_1_15' title="bbox 204 1520 1789 1591">
    <p class='ocr_par' dir='ltr' id='par_1_15' title="bbox 204 1520 1789 1591">
     <span class='ocr_line' id='line_1_15' title="bbox 204 1520 1789 1591; baseline -0.002 -11"><span class='ocrx_word' id='word_1_109' title='bbox 204 1528 335 1582; x_wconf 76' lang='lat' dir='ltr'><strong>dum</strong></span> <span class='ocrx_word' id='word_1_110' title='bbox 360 1525 611 1581; x_wconf 89' lang='lat' dir='ltr'><strong>mendum</strong></span> <span class='ocrx_word' id='word_1_111' title='bbox 642 1522 850 1578; x_wconf 88' lang='lat' dir='ltr'><strong>videtur</strong></span> <span class='ocrx_word' id='word_1_112' title='bbox 879 1536 976 1591; x_wconf 90' lang='lat' dir='ltr'><strong>pro</strong></span> <span class='ocrx_word' id='word_1_113' title='bbox 997 1521 1229 1575; x_wconf 84' lang='lat' dir='ltr'><strong>nitidam.</strong></span> <span class='ocrx_word' id='word_1_114' title='bbox 1265 1520 1440 1575; x_wconf 89' lang='lat' dir='ltr'><strong>Prima</strong></span> <span class='ocrx_word' id='word_1_115' title='bbox 1466 1521 1516 1575; x_wconf 93' lang='lat' dir='ltr'><strong>in</strong></span> <span class='ocrx_word' id='word_1_116' title='bbox 1546 1520 1789 1577; x_wconf 84' lang='lat' dir='ltr'><strong>Dracmui</strong></span> 
     </span>
    </p>
   </div>
   <div class='ocr_carea' id='block_1_16' title="bbox 204 1612 1787 1688">
    <p class='ocr_par' dir='ltr' id='par_1_16' title="bbox 204 1612 1787 1688">
     <span class='ocr_line' id='line_1_16' title="bbox 204 1612 1787 1688; baseline -0.004 -14"><span class='ocrx_word' id='word_1_117' title='bbox 204 1615 547 1688; x_wconf 89' lang='lat' dir='ltr'><strong>corripienda</strong></span> <span class='ocrx_word' id='word_1_118' title='bbox 592 1623 754 1678; x_wconf 88' lang='lat' dir='ltr'><strong>esset,</strong></span> <span class='ocrx_word' id='word_1_119' title='bbox 784 1612 829 1668; x_wconf 90' lang='lat' dir='ltr'><strong>si</strong></span> <span class='ocrx_word' id='word_1_120' title='bbox 870 1614 1006 1668; x_wconf 85' lang='lat' dir='ltr'><strong>ratio</strong></span> <span class='ocrx_word' id='word_1_121' title='bbox 1051 1612 1278 1667; x_wconf 83' lang='lat' dir='ltr'><strong>nominis</strong></span> <span class='ocrx_word' id='word_1_122' title='bbox 1310 1613 1656 1683; x_wconf 90' lang='lat' dir='ltr'><strong>inspiciatnr:</strong></span> <span class='ocrx_word' id='word_1_123' title='bbox 1692 1612 1787 1667; x_wconf 88' lang='lat' dir='ltr'><strong>sed</strong></span> 
     </span>
    </p>
   </div>
   <div class='ocr_carea' id='block_1_17' title="bbox 209 1705 1785 1784">
    <p class='ocr_par' dir='ltr' id='par_1_17' title="bbox 209 1705 1785 1784">
     <span class='ocr_line' id='line_1_17' title="bbox 209 1705 1785 1784; baseline -0.005 -17"><span class='ocrx_word' id='word_1_124' title='bbox 209 1721 384 1784; x_wconf 65' lang='lat' dir='ltr'><strong>poeta:</strong></span> <span class='ocrx_word' id='word_1_125' title='bbox 421 1707 707 1764; x_wconf 88' lang='lat' dir='ltr'><strong>Christiani</strong></span> <span class='ocrx_word' id='word_1_126' title='bbox 757 1707 808 1761; x_wconf 89' lang='lat' dir='ltr'><strong>in</strong></span> <span class='ocrx_word' id='word_1_127' title='bbox 840 1705 1143 1761; x_wconf 91' lang='lat' dir='ltr'><strong>nominibus</strong></span> <span class='ocrx_word' id='word_1_128' title='bbox 1172 1706 1403 1775; x_wconf 89' lang='lat' dir='ltr'><strong>propriis</strong></span> <span class='ocrx_word' id='word_1_129' title='bbox 1438 1720 1680 1775; x_wconf 86' lang='lat' dir='ltr'><strong>magnam</strong></span> <span class='ocrx_word' id='word_1_130' title='bbox 1717 1705 1785 1759; x_wconf 87' lang='lat' dir='ltr'><strong>li-</strong></span> 
     </span>
    </p>
   </div>
   <div class='ocr_carea' id='block_1_18' title="bbox 207 1796 1790 1869">
    <p class='ocr_par' dir='ltr' id='par_1_18' title="bbox 207 1796 1790 1869">
     <span class='ocr_line' id='line_1_18' title="bbox 207 1796 1790 1869; baseline -0.006 -9"><span class='ocrx_word' id='word_1_131' title='bbox 207 1805 437 1861; x_wconf 84' lang='lat' dir='ltr'><strong>centiam</strong></span> <span class='ocrx_word' id='word_1_132' title='bbox 461 1802 564 1856; x_wconf 80' lang='lat' dir='ltr'><strong>sib&#39;.</strong></span> <span class='ocrx_word' id='word_1_133' title='bbox 593 1799 933 1869; x_wconf 86' lang='lat' dir='ltr'><strong>arrogabant.</strong></span> <span class='ocrx_word' id='word_1_134' title='bbox 958 1797 1301 1852; x_wconf 89' lang='lat' dir='ltr'><strong>Observanda</strong></span> <span class='ocrx_word' id='word_1_135' title='bbox 1329 1808 1410 1851; x_wconf 89' lang='lat' dir='ltr'><strong>est</strong></span> <span class='ocrx_word' id='word_1_136' title='bbox 1440 1799 1598 1852; x_wconf 89' lang='lat' dir='ltr'><strong>etiam</strong></span> <span class='ocrx_word' id='word_1_137' title='bbox 1630 1796 1790 1866; x_wconf 88' lang='lat' dir='ltr'><strong>phra-</strong></span> 
     </span>
    </p>
   </div>
   <div class='ocr_carea' id='block_1_19' title="bbox 1890 606 3469 691">
    <p class='ocr_par' dir='ltr' id='par_1_19' title="bbox 1890 606 3469 691">
     <span class='ocr_line' id='line_1_19' title="bbox 1890 606 3469 691; baseline 0.018 -33"><span class='ocrx_word' id='word_1_138' title='bbox 1890 620 1952 659; x_wconf 90' lang='lat' dir='ltr'><strong>ea</strong></span> <span class='ocrx_word' id='word_1_139' title='bbox 1980 606 2155 661; x_wconf 83' lang='lat' dir='ltr'><strong>omnia</strong></span> <span class='ocrx_word' id='word_1_140' title='bbox 2186 622 2306 677; x_wconf 70' lang='lat' dir='ltr'><strong>quae</strong></span> <span class='ocrx_word' id='word_1_141' title='bbox 2330 620 2547 680; x_wconf 88' lang='lat' dir='ltr'><strong>propter</strong></span> <span class='ocrx_word' id='word_1_142' title='bbox 2573 612 2815 671; x_wconf 85' lang='lat' dir='ltr'><strong>homines</strong></span> <span class='ocrx_word' id='word_1_143' title='bbox 2834 631 2926 673; x_wconf 91' lang='lat' dir='ltr'><strong>sex</strong></span> <span class='ocrx_word' id='word_1_144' title='bbox 2947 620 3051 676; x_wconf 84' lang='lat' dir='ltr'><strong>illis</strong></span> <span class='ocrx_word' id='word_1_145' title='bbox 3074 623 3255 691; x_wconf 79' lang='lat' dir='ltr'><strong>primis</strong></span> <span class='ocrx_word' id='word_1_146' title='bbox 3277 624 3469 686; x_wconf 78' lang='lat' dir='ltr'><strong>diebus</strong></span> 
     </span>
    </p>
   </div>
   <div class='ocr_carea' id='block_1_20' title="bbox 1889 696 3469 786">
    <p class='ocr_par' dir='ltr' id='par_1_20' title="bbox 1889 696 3469 786">
     <span class='ocr_line' id='line_1_20' title="bbox 1889 696 3469 786; baseline 0.017 -37"><span class='ocrx_word' id='word_1_147' title='bbox 1889 696 2031 752; x_wconf 87' lang='lat' dir='ltr'><strong>Deus</strong></span> <span class='ocrx_word' id='word_1_148' title='bbox 2060 696 2204 764; x_wconf 82' lang='lat' dir='ltr'><strong>fecit,</strong></span> <span class='ocrx_word' id='word_1_149' title='bbox 2237 698 2521 771; x_wconf 75' lang='lat' dir='ltr'><strong>diligenter</strong></span> <span class='ocrx_word' id='word_1_150' title='bbox 2556 708 2825 775; x_wconf 83' lang='lat' dir='ltr'><strong>exposuit,</strong></span> <span class='ocrx_word' id='word_1_151' title='bbox 2865 712 3115 780; x_wconf 91' lang='lat' dir='ltr'><strong>quoniam</strong></span> <span class='ocrx_word' id='word_1_152' title='bbox 3152 729 3218 771; x_wconf 91' lang='lat' dir='ltr'><strong>ex</strong></span> <span class='ocrx_word' id='word_1_153' title='bbox 3253 716 3469 786; x_wconf 82' lang='lat' dir='ltr'><strong>opificio</strong></span> 
     </span>
    </p>
   </div>
   <div class='ocr_carea' id='block_1_21' title="bbox 1888 786 3469 871">
    <p class='ocr_par' dir='ltr' id='par_1_21' title="bbox 1888 786 3469 871">
     <span class='ocr_line' id='line_1_21' title="bbox 1888 786 3469 871; baseline 0.016 -30"><span class='ocrx_word' id='word_1_154' title='bbox 1888 802 1983 842; x_wconf 86' lang='lat' dir='ltr'><strong>sex</strong></span> <span class='ocrx_word' id='word_1_155' title='bbox 2029 786 2235 843; x_wconf 92' lang='lat' dir='ltr'><strong>dierum</strong></span> <span class='ocrx_word' id='word_1_156' title='bbox 2272 803 2644 860; x_wconf 79' lang='lat' dir='ltr'><strong>argumentum</strong></span> <span class='ocrx_word' id='word_1_157' title='bbox 2676 811 2830 853; x_wconf 86' lang='lat' dir='ltr'><strong>suum</strong></span> <span class='ocrx_word' id='word_1_158' title='bbox 2868 801 3151 871; x_wconf 77' lang='lat' dir='ltr'><strong>insigniter</strong></span> <span class='ocrx_word' id='word_1_159' title='bbox 3186 804 3469 867; x_wconf 78' lang='lat' dir='ltr'><strong>illustrare</strong></span> 
     </span>
    </p>
   </div>
   <div class='ocr_carea' id='block_1_22' title="bbox 1890 880 3466 967">
    <p class='ocr_par' dir='ltr' id='par_1_22' title="bbox 1890 880 3466 967">
     <span class='ocr_line' id='line_1_22' title="bbox 1890 880 3466 967; baseline 0.018 -39"><span class='ocrx_word' id='word_1_160' title='bbox 1890 884 2126 943; x_wconf 85' lang='lat' dir='ltr'><strong>poterat:</strong></span> <span class='ocrx_word' id='word_1_161' title='bbox 2154 891 2261 933; x_wconf 91' lang='lat' dir='ltr'><strong>tum</strong></span> <span class='ocrx_word' id='word_1_162' title='bbox 2284 880 2491 937; x_wconf 90' lang='lat' dir='ltr'><strong>duobus</strong></span> <span class='ocrx_word' id='word_1_163' title='bbox 2519 883 2736 955; x_wconf 85' lang='lat' dir='ltr'><strong>reliquis</strong></span> <span class='ocrx_word' id='word_1_164' title='bbox 2769 887 2926 944; x_wconf 85' lang='lat' dir='ltr'><strong>libris</strong></span> <span class='ocrx_word' id='word_1_165' title='bbox 2952 891 3052 947; x_wconf 90' lang='lat' dir='ltr'><strong>alia</strong></span> <span class='ocrx_word' id='word_1_166' title='bbox 3085 894 3179 950; x_wconf 92' lang='lat' dir='ltr'><strong>Dei</strong></span> <span class='ocrx_word' id='word_1_167' title='bbox 3210 911 3373 967; x_wconf 89' lang='lat' dir='ltr'><strong>opera</strong></span> <span class='ocrx_word' id='word_1_168' title='bbox 3398 915 3466 956; x_wconf 86' lang='lat' dir='ltr'><strong>ex</strong></span> 
     </span>
    </p>
   </div>
   <div class='ocr_carea' id='block_1_23' title="bbox 1892 965 3467 1049">
    <p class='ocr_par' dir='ltr' id='par_1_23' title="bbox 1892 965 3467 1049">
     <span class='ocr_line' id='line_1_23' title="bbox 1892 965 3467 1049; baseline 0.02 -30"><span class='ocrx_word' id='word_1_169' title='bbox 1892 965 2067 1022; x_wconf 80' lang='lat' dir='ltr'><strong>Veteri</strong></span> <span class='ocrx_word' id='word_1_170' title='bbox 2107 968 2359 1040; x_wconf 82' lang='lat' dir='ltr'><strong>Novoque</strong></span> <span class='ocrx_word' id='word_1_171' title='bbox 2392 972 2732 1032; x_wconf 84' lang='lat' dir='ltr'><strong>Testamento</strong></span> <span class='ocrx_word' id='word_1_172' title='bbox 2766 978 2819 1034; x_wconf 94' lang='lat' dir='ltr'><strong>in</strong></span> <span class='ocrx_word' id='word_1_173' title='bbox 2860 983 3100 1040; x_wconf 86' lang='lat' dir='ltr'><strong>eamdem</strong></span> <span class='ocrx_word' id='word_1_174' title='bbox 3150 965 3467 1049; x_wconf 80' lang='lat' dir='ltr'><strong>sententiam</strong></span> 
     </span>
    </p>
   </div>
   <div class='ocr_carea' id='block_1_24' title="bbox 1887 1061 3467 1148">
    <p class='ocr_par' dir='ltr' id='par_1_24' title="bbox 1887 1061 3467 1148">
     <span class='ocr_line' id='line_1_24' title="bbox 1887 1061 3467 1148; baseline 0.02 -41"><span class='ocrx_word' id='word_1_175' title='bbox 1887 1065 2200 1148; x_wconf 82' lang='lat' dir='ltr'><strong>persecutus</strong></span> <span class='ocrx_word' id='word_1_176' title='bbox 2220 1068 2319 1113; x_wconf 90' lang='lat' dir='ltr'><strong>est.</strong></span> <span class='ocrx_word' id='word_1_177' title='bbox 2351 1061 2405 1114; x_wconf 91' lang='lat' dir='ltr'><strong>ln</strong></span> <span class='ocrx_word' id='word_1_178' title='bbox 2436 1061 2553 1132; x_wconf 91' lang='lat' dir='ltr'><strong>ipso</strong></span> <span class='ocrx_word' id='word_1_179' title='bbox 2574 1064 2709 1121; x_wconf 89' lang='lat' dir='ltr'><strong>libro</strong></span> <span class='ocrx_word' id='word_1_180' title='bbox 2735 1068 2926 1137; x_wconf 88' lang='lat' dir='ltr'><strong>primo,</strong></span> <span class='ocrx_word' id='word_1_181' title='bbox 2955 1080 3115 1144; x_wconf 89' lang='lat' dir='ltr'><strong>atque</strong></span> <span class='ocrx_word' id='word_1_182' title='bbox 3135 1075 3186 1131; x_wconf 93' lang='lat' dir='ltr'><strong>in</strong></span> <span class='ocrx_word' id='word_1_183' title='bbox 3216 1078 3327 1148; x_wconf 90' lang='lat' dir='ltr'><strong>ipsa</strong></span> <span class='ocrx_word' id='word_1_184' title='bbox 3367 1081 3467 1139; x_wconf 85' lang='lat' dir='ltr'><strong>hu-</strong></span> 
     </span>
    </p>
   </div>
   <div class='ocr_carea' id='block_1_25' title="bbox 1885 1145 3468 1232">
    <p class='ocr_par' dir='ltr' id='par_1_25' title="bbox 1885 1145 3468 1232">
     <span class='ocr_line' id='line_1_25' title="bbox 1885 1145 3468 1232; baseline 0.02 -34"><span class='ocrx_word' id='word_1_185' title='bbox 1885 1145 1974 1211; x_wconf 87' lang='lat' dir='ltr'><strong>jus</strong></span> <span class='ocrx_word' id='word_1_186' title='bbox 2010 1146 2126 1200; x_wconf 88' lang='lat' dir='ltr'><strong>libri</strong></span> <span class='ocrx_word' id='word_1_187' title='bbox 2166 1159 2336 1218; x_wconf 90' lang='lat' dir='ltr'><strong>parte,</strong></span> <span class='ocrx_word' id='word_1_188' title='bbox 2372 1167 2528 1221; x_wconf 89' lang='lat' dir='ltr'><strong>quam</strong></span> <span class='ocrx_word' id='word_1_189' title='bbox 2560 1155 2826 1227; x_wconf 85' lang='lat' dir='ltr'><strong>Eugenius</strong></span> <span class='ocrx_word' id='word_1_190' title='bbox 2855 1165 3142 1232; x_wconf 84' lang='lat' dir='ltr'><strong>recensuit,</strong></span> <span class='ocrx_word' id='word_1_191' title='bbox 3182 1145 3318 1225; x_wconf 78' lang='lat' dir='ltr'><strong>ultra</strong></span> <span class='ocrx_word' id='word_1_192' title='bbox 3348 1185 3468 1229; x_wconf 84' lang='lat' dir='ltr'><strong>sex-</strong></span> 
     </span>
    </p>
   </div>
   <div class='ocr_carea' id='block_1_26' title="bbox 1890 1236 3469 1321">
    <p class='ocr_par' dir='ltr' id='par_1_26' title="bbox 1890 1236 3469 1321">
     <span class='ocr_line' id='line_1_26' title="bbox 1890 1236 3469 1321; baseline 0.02 -33"><span class='ocrx_word' id='word_1_193' title='bbox 1890 1242 1999 1289; x_wconf 89' lang='lat' dir='ltr'><strong>tum</strong></span> <span class='ocrx_word' id='word_1_194' title='bbox 2024 1236 2165 1291; x_wconf 91' lang='lat' dir='ltr'><strong>diem</strong></span> <span class='ocrx_word' id='word_1_195' title='bbox 2201 1240 2517 1298; x_wconf 86' lang='lat' dir='ltr'><strong>Dracontius</strong></span> <span class='ocrx_word' id='word_1_196' title='bbox 2548 1245 2703 1315; x_wconf 87' lang='lat' dir='ltr'><strong>longe</strong></span> <span class='ocrx_word' id='word_1_197' title='bbox 2724 1262 3035 1321; x_wconf 87' lang='lat' dir='ltr'><strong>progressus</strong></span> <span class='ocrx_word' id='word_1_198' title='bbox 3064 1256 3180 1315; x_wconf 91' lang='lat' dir='ltr'><strong>fuit.</strong></span> <span class='ocrx_word' id='word_1_199' title='bbox 3208 1259 3469 1320; x_wconf 83' lang='lat' dir='ltr'><strong>Describit</strong></span> 
     </span>
    </p>
   </div>
   <div class='ocr_carea' id='block_1_27' title="bbox 1890 1328 3469 1419">
    <p class='ocr_par' dir='ltr' id='par_1_27' title="bbox 1890 1328 3469 1419">
     <span class='ocr_line' id='line_1_27' title="bbox 1890 1328 3469 1419; baseline 0.016 -39"><span class='ocrx_word' id='word_1_200' title='bbox 1890 1328 2032 1382; x_wconf 91' lang='lat' dir='ltr'><strong>enim</strong></span> <span class='ocrx_word' id='word_1_201' title='bbox 2064 1329 2261 1398; x_wconf 89' lang='lat' dir='ltr'><strong>primos</strong></span> <span class='ocrx_word' id='word_1_202' title='bbox 2283 1343 2531 1402; x_wconf 89' lang='lat' dir='ltr'><strong>parentes</strong></span> <span class='ocrx_word' id='word_1_203' title='bbox 2553 1336 2604 1389; x_wconf 91' lang='lat' dir='ltr'><strong>in</strong></span> <span class='ocrx_word' id='word_1_204' title='bbox 2634 1340 2877 1406; x_wconf 83' lang='lat' dir='ltr'><strong>paradiso</strong></span> <span class='ocrx_word' id='word_1_205' title='bbox 2894 1342 3003 1411; x_wconf 85' lang='lat' dir='ltr'><strong>jam</strong></span> <span class='ocrx_word' id='word_1_206' title='bbox 3032 1346 3342 1419; x_wconf 88' lang='lat' dir='ltr'><strong>collocatos,</strong></span> <span class='ocrx_word' id='word_1_207' title='bbox 3375 1367 3469 1408; x_wconf 83' lang='lat' dir='ltr'><strong>eo-</strong></span> 
     </span>
    </p>
   </div>
   <div class='ocr_carea' id='block_1_28' title="bbox 1892 1426 3470 1504">
    <p class='ocr_par' dir='ltr' id='par_1_28' title="bbox 1892 1426 3470 1504">
     <span class='ocr_line' id='line_1_28' title="bbox 1892 1426 3470 1504; baseline 0.016 -25"><span class='ocrx_word' id='word_1_208' title='bbox 1892 1426 2133 1481; x_wconf 89' lang='lat' dir='ltr'><strong>rumdem</strong></span> <span class='ocrx_word' id='word_1_209' title='bbox 2173 1439 2444 1495; x_wconf 90' lang='lat' dir='ltr'><strong>peccatum</strong></span> <span class='ocrx_word' id='word_1_210' title='bbox 2470 1472 2485 1497; x_wconf 92' lang='lat'><strong>,</strong></span> <span class='ocrx_word' id='word_1_211' title='bbox 2524 1436 2838 1490; x_wconf 84' lang='lat' dir='ltr'><strong>sententiam</strong></span> <span class='ocrx_word' id='word_1_212' title='bbox 2877 1438 2972 1493; x_wconf 87' lang='lat' dir='ltr'><strong>Dei</strong></span> <span class='ocrx_word' id='word_1_213' title='bbox 3012 1443 3373 1501; x_wconf 87' lang='lat' dir='ltr'><strong>misericordia</strong></span> <span class='ocrx_word' id='word_1_214' title='bbox 3415 1458 3470 1504; x_wconf 84' lang='lat' dir='ltr'><strong>et</strong></span> 
     </span>
    </p>
   </div>
   <div class='ocr_carea' id='block_1_29' title="bbox 1886 1519 3469 1605">
    <p class='ocr_par' dir='ltr' id='par_1_29' title="bbox 1886 1519 3469 1605">
     <span class='ocr_line' id='line_1_29' title="bbox 1886 1519 3469 1605; baseline 0.014 -33"><span class='ocrx_word' id='word_1_215' title='bbox 1886 1519 2090 1589; x_wconf 89' lang='lat' dir='ltr'><strong>justitia</strong></span> <span class='ocrx_word' id='word_1_216' title='bbox 2122 1527 2493 1591; x_wconf 78' lang='lat' dir='ltr'><strong>temperatam,</strong></span> <span class='ocrx_word' id='word_1_217' title='bbox 2517 1541 2620 1594; x_wconf 90' lang='lat' dir='ltr'><strong>qua</strong></span> <span class='ocrx_word' id='word_1_218' title='bbox 2647 1542 2678 1582; x_wconf 89' lang='lat' dir='ltr'><strong>e</strong></span> <span class='ocrx_word' id='word_1_219' title='bbox 2722 1530 2967 1598; x_wconf 86' lang='lat' dir='ltr'><strong>paradiso</strong></span> <span class='ocrx_word' id='word_1_220' title='bbox 3003 1544 3125 1590; x_wconf 91' lang='lat' dir='ltr'><strong>sunt</strong></span> <span class='ocrx_word' id='word_1_221' title='bbox 3154 1536 3331 1605; x_wconf 88' lang='lat' dir='ltr'><strong>ejecti,</strong></span> <span class='ocrx_word' id='word_1_222' title='bbox 3374 1538 3469 1594; x_wconf 88' lang='lat' dir='ltr'><strong>sed</strong></span> 
     </span>
    </p>
   </div>
   <div class='ocr_carea' id='block_1_30' title="bbox 1891 1611 3469 1695">
    <p class='ocr_par' dir='ltr' id='par_1_30' title="bbox 1891 1611 3469 1695">
     <span class='ocr_line' id='line_1_30' title="bbox 1891 1611 3469 1695; baseline 0.013 -30"><span class='ocrx_word' id='word_1_223' title='bbox 1891 1611 2049 1665; x_wconf 89' lang='lat' dir='ltr'><strong>simul</strong></span> <span class='ocrx_word' id='word_1_224' title='bbox 2090 1611 2142 1665; x_wconf 90' lang='lat' dir='ltr'><strong>in</strong></span> <span class='ocrx_word' id='word_1_225' title='bbox 2188 1628 2371 1667; x_wconf 92' lang='lat' dir='ltr'><strong>eorum</strong></span> <span class='ocrx_word' id='word_1_226' title='bbox 2422 1630 2573 1670; x_wconf 91' lang='lat' dir='ltr'><strong>nsum</strong></span> <span class='ocrx_word' id='word_1_227' title='bbox 2626 1628 2814 1674; x_wconf 87' lang='lat' dir='ltr'><strong>natura</strong></span> <span class='ocrx_word' id='word_1_228' title='bbox 2842 1618 2990 1692; x_wconf 75' lang='lat' dir='ltr'><strong>&#39;jussa</strong></span> <span class='ocrx_word' id='word_1_229' title='bbox 3036 1634 3119 1680; x_wconf 84' lang='lat' dir='ltr'><strong>est</strong></span> <span class='ocrx_word' id='word_1_230' title='bbox 3169 1641 3328 1695; x_wconf 89' lang='lat' dir='ltr'><strong>opera</strong></span> <span class='ocrx_word' id='word_1_231' title='bbox 3373 1644 3469 1685; x_wconf 85' lang='lat' dir='ltr'><strong>sua</strong></span> 
     </span>
    </p>
   </div>
   <div class='ocr_carea' id='block_1_31' title="bbox 1892 1706 3461 1787">
    <p class='ocr_par' dir='ltr' id='par_1_31' title="bbox 1892 1706 3461 1787">
     <span class='ocr_line' id='line_1_31' title="bbox 1892 1706 3461 1787; baseline 0.012 -30"><span class='ocrx_word' id='word_1_232' title='bbox 1892 1717 2148 1759; x_wconf 86' lang='lat' dir='ltr'><strong>exercere</strong></span> <span class='ocrx_word' id='word_1_233' title='bbox 2177 1719 2270 1775; x_wconf 89' lang='lat' dir='ltr'><strong>per</strong></span> <span class='ocrx_word' id='word_1_234' title='bbox 2298 1706 2460 1760; x_wconf 91' lang='lat' dir='ltr'><strong>miras</strong></span> <span class='ocrx_word' id='word_1_235' title='bbox 2500 1723 2562 1764; x_wconf 90' lang='lat' dir='ltr'><strong>ac</strong></span> <span class='ocrx_word' id='word_1_236' title='bbox 2598 1710 2770 1766; x_wconf 89' lang='lat' dir='ltr'><strong>varias</strong></span> <span class='ocrx_word' id='word_1_237' title='bbox 2811 1728 2985 1769; x_wconf 82' lang='lat' dir='ltr'><strong>rerum</strong></span> <span class='ocrx_word' id='word_1_238' title='bbox 3029 1717 3461 1787; x_wconf 83' lang='lat' dir='ltr'><strong>vicissitudines;</strong></span> 
     </span>
    </p>
   </div>
   <div class='ocr_carea' id='block_1_32' title="bbox 1892 1798 3463 1879">
    <p class='ocr_par' dir='ltr' id='par_1_32' title="bbox 1892 1798 3463 1879">
     <span class='ocr_line' id='line_1_32' title="bbox 1892 1798 3463 1879; baseline 0.014 -31"><span class='ocrx_word' id='word_1_239' title='bbox 1892 1810 1994 1866; x_wconf 89' lang='lat' dir='ltr'><strong>qna</strong></span> <span class='ocrx_word' id='word_1_240' title='bbox 2049 1798 2331 1853; x_wconf 89' lang='lat' dir='ltr'><strong>occasione</strong></span> <span class='ocrx_word' id='word_1_241' title='bbox 2384 1801 2451 1856; x_wconf 91' lang='lat' dir='ltr'><strong>de</strong></span> <span class='ocrx_word' id='word_1_242' title='bbox 2498 1806 2887 1861; x_wconf 85' lang='lat' dir='ltr'><strong>resurrectione</strong></span> <span class='ocrx_word' id='word_1_243' title='bbox 2946 1811 3191 1879; x_wconf 90' lang='lat' dir='ltr'><strong>corporis</strong></span> <span class='ocrx_word' id='word_1_244' title='bbox 3247 1812 3463 1870; x_wconf 86' lang='lat' dir='ltr'><strong>humani</strong></span> 
     </span>
    </p>
   </div>
   <div class='ocr_carea' id='block_1_33' title="bbox 210 1889 2922 1962">
    <p class='ocr_par' dir='ltr' id='par_1_33' title="bbox 210 1889 2922 1962">
     <span class='ocr_line' id='line_1_33' title="bbox 210 1889 2922 1962; baseline -0.001 -8"><span class='ocrx_word' id='word_1_245' title='bbox 210 1900 288 1954; x_wconf 88' lang='lat' dir='ltr'><strong>sis</strong></span> <span class='ocrx_word' id='word_1_246' title='bbox 331 1911 558 1951; x_wconf 79' lang='lat' dir='ltr'><strong>summus</strong></span> <span class='ocrx_word' id='word_1_247' title='bbox 596 1903 787 1959; x_wconf 81' lang='lat' dir='ltr'><strong>ratum,</strong></span> <span class='ocrx_word' id='word_1_248' title='bbox 830 1901 889 1946; x_wconf 92' lang='lat' dir='ltr'><strong>ut</strong></span> <span class='ocrx_word' id='word_1_249' title='bbox 926 1891 1066 1961; x_wconf 90' lang='lat' dir='ltr'><strong>apud</strong></span> <span class='ocrx_word' id='word_1_250' title='bbox 1108 1890 1454 1947; x_wconf 87' lang='lat' dir='ltr'><strong>Prudentium</strong></span> <span class='ocrx_word' id='word_1_251' title='bbox 1494 1889 1782 1961; x_wconf 86' lang='lat' dir='ltr'><strong>Psychom.</strong></span> <span class='ocrx_word' id='word_1_252' title='bbox 1818 1889 1868 1949; x_wconf 90' lang='lat' dir='ltr'><strong>B</strong></span> <span class='ocrx_word' id='word_1_253' title='bbox 1893 1889 2153 1956; x_wconf 81' lang='lat' dir='ltr'><strong>exemplis</strong></span> <span class='ocrx_word' id='word_1_254' title='bbox 2183 1904 2213 1944; x_wconf 94' lang='lat' dir='ltr'><strong>e</strong></span> <span class='ocrx_word' id='word_1_255' title='bbox 2244 1900 2430 1946; x_wconf 91' lang='lat' dir='ltr'><strong>natura</strong></span> <span class='ocrx_word' id='word_1_256' title='bbox 2460 1894 2635 1962; x_wconf 87' lang='lat' dir='ltr'><strong>petitis</strong></span> <span class='ocrx_word' id='word_1_257' title='bbox 2655 1896 2922 1953; x_wconf 81' lang='lat' dir='ltr'><strong>edisserit.</strong></span> 
     </span>
    </p>
   </div>
   <div class='ocr_carea' id='block_1_34' title="bbox 209 1981 1785 2056">
    <p class='ocr_par' dir='ltr' id='par_1_34' title="bbox 209 1981 1785 2056">
     <span class='ocr_line' id='line_1_34' title="bbox 209 1981 1785 2056; baseline -0.006 -12"><span class='ocrx_word' id='word_1_258' title='bbox 209 2005 353 2046; x_wconf 79' lang='lat' dir='ltr'><strong>vers.</strong></span> <span class='ocrx_word' id='word_1_259' title='bbox 386 1988 492 2045; x_wconf 76' lang='lat'><strong>530</strong></span> <span class='ocrx_word' id='word_1_260' title='bbox 516 2002 726 2056; x_wconf 84' lang='lat' dir='ltr'><strong>magnus</strong></span> <span class='ocrx_word' id='word_1_261' title='bbox 751 1982 1140 2052; x_wconf 74' lang='lat' dir='ltr'><strong>discipulorum,</strong></span> <span class='ocrx_word' id='word_1_262' title='bbox 1172 1983 1275 2045; x_wconf 85' lang='lat' dir='ltr'><strong>vel,</strong></span> <span class='ocrx_word' id='word_1_263' title='bbox 1311 1992 1368 2037; x_wconf 86' lang='lat' dir='ltr'><strong>ut</strong></span> <span class='ocrx_word' id='word_1_264' title='bbox 1400 1982 1554 2036; x_wconf 87' lang='lat' dir='ltr'><strong>multi</strong></span> <span class='ocrx_word' id='word_1_265' title='bbox 1581 1981 1785 2051; x_wconf 86' lang='lat' dir='ltr'><strong>legunt,</strong></span> 
     </span>
    </p>
   </div>
   <div class='ocr_carea' id='block_1_35' title="bbox 209 2073 1793 2150">
    <p class='ocr_par' dir='ltr' id='par_1_35' title="bbox 209 2073 1793 2150">
     <span class='ocr_line' id='line_1_35' title="bbox 209 2073 1793 2150; baseline -0.006 -13"><span class='ocrx_word' id='word_1_266' title='bbox 209 2096 436 2137; x_wconf 82' lang='lat' dir='ltr'><strong>summus</strong></span> <span class='ocrx_word' id='word_1_267' title='bbox 463 2076 849 2150; x_wconf 86' lang='lat' dir='ltr'><strong>discipulorum.</strong></span> <span class='ocrx_word' id='word_1_268' title='bbox 884 2073 1087 2147; x_wconf 78' lang='lat' dir='ltr'><strong>Virgilii</strong></span> <span class='ocrx_word' id='word_1_269' title='bbox 1119 2073 1402 2129; x_wconf 72' lang='lat' dir='ltr'><strong>AEneidem</strong></span> <span class='ocrx_word' id='word_1_270' title='bbox 1437 2074 1689 2139; x_wconf 85' lang='lat' dir='ltr'><strong>Tuccam,</strong></span> <span class='ocrx_word' id='word_1_271' title='bbox 1737 2082 1793 2128; x_wconf 88' lang='lat' dir='ltr'><strong>et</strong></span> 
     </span>
    </p>
   </div>
   <div class='ocr_carea' id='block_1_36' title="bbox 215 2164 1792 2241">
    <p class='ocr_par' dir='ltr' id='par_1_36' title="bbox 215 2164 1792 2241">
     <span class='ocr_line' id='line_1_36' title="bbox 215 2164 1792 2241; baseline -0.005 -16"><span class='ocrx_word' id='word_1_272' title='bbox 215 2172 431 2227; x_wconf 88' lang='lat' dir='ltr'><strong>Varium</strong></span> <span class='ocrx_word' id='word_1_273' title='bbox 455 2170 608 2241; x_wconf 84' lang='lat' dir='ltr'><strong>jussu</strong></span> <span class='ocrx_word' id='word_1_274' title='bbox 634 2167 858 2237; x_wconf 86' lang='lat' dir='ltr'><strong>Augusti</strong></span> <span class='ocrx_word' id='word_1_275' title='bbox 893 2166 1080 2220; x_wconf 83' lang='lat' dir='ltr'><strong>leviter</strong></span> <span class='ocrx_word' id='word_1_276' title='bbox 1105 2166 1423 2231; x_wconf 86' lang='lat' dir='ltr'><strong>correxisse,</strong></span> <span class='ocrx_word' id='word_1_277' title='bbox 1453 2172 1610 2234; x_wconf 88' lang='lat' dir='ltr'><strong>atque</strong></span> <span class='ocrx_word' id='word_1_278' title='bbox 1640 2164 1710 2217; x_wconf 88' lang='lat' dir='ltr'><strong>ita</strong></span> <span class='ocrx_word' id='word_1_279' title='bbox 1734 2171 1792 2217; x_wconf 91' lang='lat' dir='ltr'><strong>ut</strong></span> 
     </span>
    </p>
   </div>
   <div class='ocr_carea' id='block_1_37' title="bbox 212 2254 1789 2325">
    <p class='ocr_par' dir='ltr' id='par_1_37' title="bbox 212 2254 1789 2325">
     <span class='ocr_line' id='line_1_37' title="bbox 212 2254 1789 2325; baseline -0.006 -8"><span class='ocrx_word' id='word_1_280' title='bbox 212 2261 343 2317; x_wconf 88' lang='lat' dir='ltr'><strong>nihil</strong></span> <span class='ocrx_word' id='word_1_281' title='bbox 383 2257 706 2323; x_wconf 87' lang='lat' dir='ltr'><strong>addiderint,</strong></span> <span class='ocrx_word' id='word_1_282' title='bbox 741 2271 916 2325; x_wconf 86' lang='lat' dir='ltr'><strong>neque</strong></span> <span class='ocrx_word' id='word_1_283' title='bbox 950 2270 1134 2310; x_wconf 89' lang='lat' dir='ltr'><strong>versus</strong></span> <span class='ocrx_word' id='word_1_284' title='bbox 1178 2254 1518 2324; x_wconf 88' lang='lat' dir='ltr'><strong>imperfectos</strong></span> <span class='ocrx_word' id='word_1_285' title='bbox 1548 2254 1789 2323; x_wconf 90' lang='lat' dir='ltr'><strong>comple-</strong></span> 
     </span>
    </p>
   </div>
   <div class='ocr_carea' id='block_1_38' title="bbox 212 2346 1788 2420">
    <p class='ocr_par' dir='ltr' id='par_1_38' title="bbox 212 2346 1788 2420">
     <span class='ocr_line' id='line_1_38' title="bbox 212 2346 1788 2420; baseline -0.003 -13"><span class='ocrx_word' id='word_1_286' title='bbox 212 2355 410 2417; x_wconf 88' lang='lat' dir='ltr'><strong>verint,</strong></span> <span class='ocrx_word' id='word_1_287' title='bbox 443 2352 499 2406; x_wconf 91' lang='lat' dir='ltr'><strong>in</strong></span> <span class='ocrx_word' id='word_1_288' title='bbox 527 2348 734 2420; x_wconf 76' lang='lat' dir='ltr'><strong>Virgilii</strong></span> <span class='ocrx_word' id='word_1_289' title='bbox 761 2349 901 2413; x_wconf 78' lang='lat' dir='ltr'><strong>Vita,</strong></span> <span class='ocrx_word' id='word_1_290' title='bbox 931 2363 1049 2418; x_wconf 58' lang='lat' dir='ltr'><strong>quas</strong></span> <span class='ocrx_word' id='word_1_291' title='bbox 1078 2358 1294 2403; x_wconf 83' lang='lat' dir='ltr'><strong>auctore</strong></span> <span class='ocrx_word' id='word_1_292' title='bbox 1320 2346 1524 2403; x_wconf 90' lang='lat' dir='ltr'><strong>Donato</strong></span> <span class='ocrx_word' id='word_1_293' title='bbox 1555 2347 1788 2403; x_wconf 89' lang='lat' dir='ltr'><strong>circum-</strong></span> 
     </span>
    </p>
   </div>
   <div class='ocr_carea' id='block_1_39' title="bbox 212 2438 1787 2511">
    <p class='ocr_par' dir='ltr' id='par_1_39' title="bbox 212 2438 1787 2511">
     <span class='ocr_line' id='line_1_39' title="bbox 212 2438 1787 2511; baseline -0.006 -9"><span class='ocrx_word' id='word_1_294' title='bbox 212 2446 404 2511; x_wconf 80' lang='lat' dir='ltr'><strong>fertur,</strong></span> <span class='ocrx_word' id='word_1_295' title='bbox 437 2442 685 2497; x_wconf 89' lang='lat' dir='ltr'><strong>traditum</strong></span> <span class='ocrx_word' id='word_1_296' title='bbox 730 2450 830 2496; x_wconf 87' lang='lat' dir='ltr'><strong>est.</strong></span> <span class='ocrx_word' id='word_1_297' title='bbox 875 2441 947 2495; x_wconf 80' lang='grc' dir='ltr'><strong>Μ.</strong></span> <span class='ocrx_word' id='word_1_298' title='bbox 992 2438 1240 2493; x_wconf 81' lang='lat' dir='ltr'><strong>Valerius</strong></span> <span class='ocrx_word' id='word_1_299' title='bbox 1289 2438 1495 2494; x_wconf 84' lang='lat' dir='ltr'><strong>Probus</strong></span> <span class='ocrx_word' id='word_1_300' title='bbox 1541 2448 1693 2493; x_wconf 83' lang='lat' dir='ltr'><strong>nolas</strong></span> <span class='ocrx_word' id='word_1_301' title='bbox 1736 2440 1787 2493; x_wconf 91' lang='lat' dir='ltr'><strong>in</strong></span> 
     </span>
    </p>
   </div>
   <div class='ocr_carea' id='block_1_40' title="bbox 213 2531 1789 2603">
    <p class='ocr_par' dir='ltr' id='par_1_40' title="bbox 213 2531 1789 2603">
     <span class='ocr_line' id='line_1_40' title="bbox 213 2531 1789 2603; baseline -0.007 -6"><span class='ocrx_word' id='word_1_302' title='bbox 213 2540 462 2597; x_wconf 74' lang='lat' dir='ltr'><strong>Bucolica</strong></span> <span class='ocrx_word' id='word_1_303' title='bbox 491 2545 544 2592; x_wconf 91' lang='lat' dir='ltr'><strong>et</strong></span> <span class='ocrx_word' id='word_1_304' title='bbox 575 2537 625 2589; x_wconf 88' lang='lat' dir='ltr'><strong>in</strong></span> <span class='ocrx_word' id='word_1_305' title='bbox 653 2533 910 2603; x_wconf 85' lang='lat' dir='ltr'><strong>Georgica</strong></span> <span class='ocrx_word' id='word_1_306' title='bbox 938 2532 1147 2603; x_wconf 80' lang='lat' dir='ltr'><strong>Virgilii</strong></span> <span class='ocrx_word' id='word_1_307' title='bbox 1196 2531 1431 2601; x_wconf 83' lang='lat' dir='ltr'><strong>scripsit.</strong></span> <span class='ocrx_word' id='word_1_308' title='bbox 1480 2531 1703 2586; x_wconf 83' lang='lat' dir='ltr'><strong>Rivinns</strong></span> <span class='ocrx_word' id='word_1_309' title='bbox 1735 2532 1789 2587; x_wconf 91' lang='lat' dir='ltr'><strong>in</strong></span> 
     </span>
    </p>
   </div>
   <div class='ocr_carea' id='block_1_41' title="bbox 212 2623 1792 2700">
    <p class='ocr_par' dir='ltr' id='par_1_41' title="bbox 212 2623 1792 2700">
     <span class='ocr_line' id='line_1_41' title="bbox 212 2623 1792 2700; baseline -0.007 -10"><span class='ocrx_word' id='word_1_310' title='bbox 212 2632 512 2690; x_wconf 83' lang='lat' dir='ltr'><strong>emendatis</strong></span> <span class='ocrx_word' id='word_1_311' title='bbox 540 2644 635 2700; x_wconf 91' lang='lat' dir='ltr'><strong>pro</strong></span> <span class='ocrx_word' id='word_1_312' title='bbox 658 2629 850 2694; x_wconf 80' lang='lat' dir='ltr'><strong>Tucca,</strong></span> <span class='ocrx_word' id='word_1_313' title='bbox 890 2626 1197 2694; x_wconf 82' lang='lat' dir='ltr'><strong>Variusque,</strong></span> <span class='ocrx_word' id='word_1_314' title='bbox 1227 2623 1526 2697; x_wconf 83' lang='lat' dir='ltr'><strong>Probusque</strong></span> <span class='ocrx_word' id='word_1_315' title='bbox 1556 2624 1792 2680; x_wconf 82' lang='lat' dir='ltr'><strong>correxit</strong></span> 
     </span>
    </p>
   </div>
   <div class='ocr_carea' id='block_1_42' title="bbox 220 2717 1786 2795">
    <p class='ocr_par' dir='ltr' id='par_1_42' title="bbox 220 2717 1786 2795">
     <span class='ocr_line' id='line_1_42' title="bbox 220 2717 1786 2795; baseline -0.004 -15"><span class='ocrx_word' id='word_1_316' title='bbox 220 2726 506 2795; x_wconf 79' lang='lat' dir='ltr'><strong>Variusque</strong></span> <span class='ocrx_word' id='word_1_317' title='bbox 546 2731 594 2778; x_wconf 87' lang='lat' dir='ltr'><strong>et</strong></span> <span class='ocrx_word' id='word_1_318' title='bbox 638 2721 809 2776; x_wconf 87' lang='lat' dir='ltr'><strong>Tucca</strong></span> <span class='ocrx_word' id='word_1_319' title='bbox 850 2720 1132 2791; x_wconf 74' lang='lat' dir='ltr'><strong>probusque</strong></span> <span class='ocrx_word' id='word_1_320' title='bbox 1164 2735 1182 2773; x_wconf 91' lang='lat'><em>:</em></span> <span class='ocrx_word' id='word_1_321' title='bbox 1215 2717 1426 2774; x_wconf 90' lang='lat' dir='ltr'><strong>videtur</strong></span> <span class='ocrx_word' id='word_1_322' title='bbox 1452 2718 1593 2773; x_wconf 90' lang='lat' dir='ltr'><strong>enim</strong></span> <span class='ocrx_word' id='word_1_323' title='bbox 1626 2719 1786 2787; x_wconf 83' lang='lat' dir='ltr'><strong>velle,</strong></span> 
     </span>
    </p>
   </div>
   <div class='ocr_carea' id='block_1_43' title="bbox 212 2810 1789 2893">
    <p class='ocr_par' dir='ltr' id='par_1_43' title="bbox 212 2810 1789 2893">
     <span class='ocr_line' id='line_1_43' title="bbox 212 2810 1789 2893; baseline -0.004 -19"><span class='ocrx_word' id='word_1_324' title='bbox 212 2819 401 2890; x_wconf 82' lang='lat' dir='ltr'><strong>probus</strong></span> <span class='ocrx_word' id='word_1_325' title='bbox 427 2818 598 2886; x_wconf 88' lang='lat' dir='ltr'><strong>accipi</strong></span> <span class='ocrx_word' id='word_1_326' title='bbox 625 2831 723 2887; x_wconf 86' lang='lat' dir='ltr'><strong>pro</strong></span> <span class='ocrx_word' id='word_1_327' title='bbox 762 2812 1046 2884; x_wconf 87' lang='lat' dir='ltr'><strong>adjective,</strong></span> <span class='ocrx_word' id='word_1_328' title='bbox 1081 2812 1221 2882; x_wconf 92' lang='lat' dir='ltr'><strong>quod</strong></span> <span class='ocrx_word' id='word_1_329' title='bbox 1252 2827 1371 2893; x_wconf 73' lang='lat' dir='ltr'><strong>cum</strong></span> <span class='ocrx_word' id='word_1_330' title='bbox 1416 2810 1586 2866; x_wconf 84' lang='lat' dir='ltr'><strong>Tucca</strong></span> <span class='ocrx_word' id='word_1_331' title='bbox 1611 2813 1789 2867; x_wconf 71' lang='lat' dir='ltr'><strong>colite-</strong></span> 
     </span>
    </p>
   </div>
   <div class='ocr_carea' id='block_1_44' title="bbox 213 2904 1788 2980">
    <p class='ocr_par' dir='ltr' id='par_1_44' title="bbox 213 2904 1788 2980">
     <span class='ocr_line' id='line_1_44' title="bbox 213 2904 1788 2980; baseline -0.004 -13"><span class='ocrx_word' id='word_1_332' title='bbox 213 2919 347 2967; x_wconf 87' lang='lat' dir='ltr'><strong>reat.</strong></span> <span class='ocrx_word' id='word_1_333' title='bbox 379 2914 451 2966; x_wconf 79' lang='lat' dir='ltr'><strong>At</strong></span> <span class='ocrx_word' id='word_1_334' title='bbox 477 2910 604 2980; x_wconf 88' lang='lat' dir='ltr'><strong>quid</strong></span> <span class='ocrx_word' id='word_1_335' title='bbox 635 2908 735 2962; x_wconf 92' lang='lat' dir='ltr'><strong>sibi</strong></span> <span class='ocrx_word' id='word_1_336' title='bbox 765 2918 889 2962; x_wconf 91' lang='lat' dir='ltr'><strong>tunc</strong></span> <span class='ocrx_word' id='word_1_337' title='bbox 919 2906 1117 2962; x_wconf 79' lang='lat' dir='ltr'><strong>vellent</strong></span> <span class='ocrx_word' id='word_1_338' title='bbox 1144 2905 1261 2975; x_wconf 73' lang='lat' dir='ltr'><strong>duae</strong></span> <span class='ocrx_word' id='word_1_339' title='bbox 1304 2904 1411 2959; x_wconf 74' lang='lat' dir='ltr'><strong>illze</strong></span> <span class='ocrx_word' id='word_1_340' title='bbox 1449 2905 1788 2973; x_wconf 87' lang='lat' dir='ltr'><strong>conjunctio-</strong></span> 
     </span>
    </p>
   </div>
   <div class='ocr_carea' id='block_1_45' title="bbox 216 2998 1790 3073">
    <p class='ocr_par' dir='ltr' id='par_1_45' title="bbox 216 2998 1790 3073">
     <span class='ocr_line' id='line_1_45' title="bbox 216 2998 1790 3073; baseline -0.003 -16"><span class='ocrx_word' id='word_1_341' title='bbox 216 3018 309 3059; x_wconf 86' lang='lat' dir='ltr'><strong>nes</strong></span> <span class='ocrx_word' id='word_1_342' title='bbox 327 3012 375 3058; x_wconf 82' lang='lat' dir='ltr'><strong>et</strong></span> <span class='ocrx_word' id='word_1_343' title='bbox 406 3002 571 3057; x_wconf 82' lang='lat' dir='ltr'><strong>Tucca</strong></span> <span class='ocrx_word' id='word_1_344' title='bbox 609 3000 931 3073; x_wconf 87' lang='lat' dir='ltr'><strong>probusque?</strong></span> <span class='ocrx_word' id='word_1_345' title='bbox 958 2998 1301 3053; x_wconf 83' lang='lat' dir='ltr'><strong>Aristarchus</strong></span> <span class='ocrx_word' id='word_1_346' title='bbox 1328 2999 1398 3051; x_wconf 91' lang='lat' dir='ltr'><strong>ita</strong></span> <span class='ocrx_word' id='word_1_347' title='bbox 1431 2998 1644 3053; x_wconf 83' lang='lat' dir='ltr'><strong>Homeri</strong></span> <span class='ocrx_word' id='word_1_348' title='bbox 1672 3013 1790 3052; x_wconf 86' lang='lat' dir='ltr'><strong>vcr-</strong></span> 
     </span>
    </p>
   </div>
   <div class='ocr_carea' id='block_1_46' title="bbox 213 3091 1788 3164">
    <p class='ocr_par' dir='ltr' id='par_1_46' title="bbox 213 3091 1788 3164">
     <span class='ocr_line' id='line_1_46' title="bbox 213 3091 1788 3164; baseline -0.004 -13"><span class='ocrx_word' id='word_1_349' title='bbox 213 3110 303 3151; x_wconf 88' lang='lat' dir='ltr'><strong>sus</strong></span> <span class='ocrx_word' id='word_1_350' title='bbox 350 3094 688 3164; x_wconf 85' lang='lat' dir='ltr'><strong>corrigebat,</strong></span> <span class='ocrx_word' id='word_1_351' title='bbox 736 3100 796 3147; x_wconf 90' lang='lat' dir='ltr'><strong>ut</strong></span> <span class='ocrx_word' id='word_1_352' title='bbox 844 3091 1057 3147; x_wconf 87' lang='lat' dir='ltr'><strong>Homeri</strong></span> <span class='ocrx_word' id='word_1_353' title='bbox 1095 3105 1215 3146; x_wconf 87' lang='lat' dir='ltr'><strong>esse</strong></span> <span class='ocrx_word' id='word_1_354' title='bbox 1265 3099 1482 3160; x_wconf 80' lang='lat' dir='ltr'><strong>negaret</strong></span> <span class='ocrx_word' id='word_1_355' title='bbox 1511 3105 1644 3161; x_wconf 89' lang='lat' dir='ltr'><strong>quos</strong></span> <span class='ocrx_word' id='word_1_356' title='bbox 1685 3105 1788 3145; x_wconf 88' lang='lat' dir='ltr'><strong>non</strong></span> 
     </span>
    </p>
   </div>
   <div class='ocr_carea' id='block_1_47' title="bbox 215 3184 1789 3258">
    <p class='ocr_par' dir='ltr' id='par_1_47' title="bbox 215 3184 1789 3258">
     <span class='ocr_line' id='line_1_47' title="bbox 215 3184 1789 3258; baseline -0.004 -14"><span class='ocrx_word' id='word_1_357' title='bbox 215 3186 491 3258; x_wconf 83' lang='lat' dir='ltr'><strong>probabat.</strong></span> <span class='ocrx_word' id='word_1_358' title='bbox 522 3185 773 3258; x_wconf 87' lang='lat' dir='ltr'><strong>Apertius</strong></span> <span class='ocrx_word' id='word_1_359' title='bbox 797 3185 889 3240; x_wconf 85' lang='lat' dir='ltr'><strong>alii</strong></span> <span class='ocrx_word' id='word_1_360' title='bbox 925 3198 1203 3240; x_wconf 89' lang='lat' dir='ltr'><strong>censuram</strong></span> <span class='ocrx_word' id='word_1_361' title='bbox 1234 3184 1286 3238; x_wconf 92' lang='lat' dir='ltr'><strong>in</strong></span> <span class='ocrx_word' id='word_1_362' title='bbox 1317 3186 1605 3239; x_wconf 84' lang='lat' dir='ltr'><strong>Homerum</strong></span> <span class='ocrx_word' id='word_1_363' title='bbox 1634 3199 1789 3239; x_wconf 74' lang='lat' dir='ltr'><strong>exer-</strong></span> 
     </span>
    </p>
   </div>
   <div class='ocr_carea' id='block_1_48' title="bbox 1962 1980 3469 2061">
    <p class='ocr_par' dir='ltr' id='par_1_48' title="bbox 1962 1980 3469 2061">
     <span class='ocr_line' id='line_1_48' title="bbox 1962 1980 3469 2061; baseline 0.014 -27"><span class='ocrx_word' id='word_1_364' title='bbox 1962 1980 2053 2036; x_wconf 66' lang='lat'><strong>20.</strong></span> <span class='ocrx_word' id='word_1_365' title='bbox 2125 1981 2639 2050; x_wconf 82' lang='lat' dir='ltr'><strong>Rccapitulationem</strong></span> <span class='ocrx_word' id='word_1_366' title='bbox 2712 1982 2977 2046; x_wconf 88' lang='lat' dir='ltr'><strong>Dracontii</strong></span> <span class='ocrx_word' id='word_1_367' title='bbox 3030 1994 3296 2061; x_wconf 75' lang='lat' dir='ltr'><strong>Eugenius</strong></span> <span class='ocrx_word' id='word_1_368' title='bbox 3374 2013 3469 2055; x_wconf 81' lang='lat' dir='ltr'><strong>sua</strong></span> 
     </span>
    </p>
   </div>
   <div class='ocr_carea' id='block_1_49' title="bbox 1892 2068 3469 2155">
    <p class='ocr_par' dir='ltr' id='par_1_49' title="bbox 1892 2068 3469 2155">
     <span class='ocr_line' id='line_1_49' title="bbox 1892 2068 3469 2155; baseline 0.012 -31"><span class='ocrx_word' id='word_1_369' title='bbox 1892 2081 2087 2139; x_wconf 83' lang='lat' dir='ltr'><strong>sponte</strong></span> <span class='ocrx_word' id='word_1_370' title='bbox 2108 2072 2523 2143; x_wconf 84' lang='lat' dir='ltr'><strong>conscripserat,</strong></span> <span class='ocrx_word' id='word_1_371' title='bbox 2556 2077 2858 2148; x_wconf 81' lang='lat' dir='ltr'><strong>priusquam</strong></span> <span class='ocrx_word' id='word_1_372' title='bbox 2892 2098 2983 2137; x_wconf 89' lang='lat' dir='ltr'><strong>rex</strong></span> <span class='ocrx_word' id='word_1_373' title='bbox 3025 2068 3291 2155; x_wconf 37' lang='lat' dir='ltr'><strong>negoti-um</strong></span> <span class='ocrx_word' id='word_1_374' title='bbox 3335 2087 3469 2142; x_wconf 89' lang='lat' dir='ltr'><strong>Dra-</strong></span> 
     </span>
    </p>
   </div>
   <div class='ocr_carea' id='block_1_50' title="bbox 1892 2164 3470 2248">
    <p class='ocr_par' dir='ltr' id='par_1_50' title="bbox 1892 2164 3470 2248">
     <span class='ocr_line' id='line_1_50' title="bbox 1892 2164 3470 2248; baseline 0.01 -30"><span class='ocrx_word' id='word_1_375' title='bbox 1892 2164 2058 2218; x_wconf 86' lang='lat' dir='ltr'><strong>contii</strong></span> <span class='ocrx_word' id='word_1_376' title='bbox 2091 2164 2411 2219; x_wconf 88' lang='lat' dir='ltr'><strong>emendandi</strong></span> <span class='ocrx_word' id='word_1_377' title='bbox 2441 2165 2517 2220; x_wconf 92' lang='lat' dir='ltr'><strong>illi</strong></span> <span class='ocrx_word' id='word_1_378' title='bbox 2550 2166 2888 2237; x_wconf 86' lang='lat' dir='ltr'><strong>injunxisset.</strong></span> <span class='ocrx_word' id='word_1_379' title='bbox 2928 2172 3236 2248; x_wconf 76' lang='lat' dir='ltr'><strong>llujusmodi</strong></span> <span class='ocrx_word' id='word_1_380' title='bbox 3266 2177 3470 2248; x_wconf 90' lang='lat' dir='ltr'><strong>recapi-</strong></span> 
     </span>
    </p>
   </div>
   <div class='ocr_carea' id='block_1_51' title="bbox 1893 2252 3472 2334">
    <p class='ocr_par' dir='ltr' id='par_1_51' title="bbox 1893 2252 3472 2334">
     <span class='ocr_line' id='line_1_51' title="bbox 1893 2252 3472 2334; baseline 0.013 -29"><span class='ocrx_word' id='word_1_381' title='bbox 1893 2252 2176 2309; x_wconf 89' lang='lat' dir='ltr'><strong>tulationes</strong></span> <span class='ocrx_word' id='word_1_382' title='bbox 2207 2265 2516 2325; x_wconf 82' lang='lat' dir='ltr'><strong>poematum</strong></span> <span class='ocrx_word' id='word_1_383' title='bbox 2548 2268 2785 2313; x_wconf 81' lang='lat' dir='ltr'><strong>veterum</strong></span> <span class='ocrx_word' id='word_1_384' title='bbox 2824 2260 3065 2330; x_wconf 75' lang='lat' dir='ltr'><strong>plurima:</strong></span> <span class='ocrx_word' id='word_1_385' title='bbox 3103 2276 3340 2334; x_wconf 85' lang='lat' dir='ltr'><strong>exstant,</strong></span> <span class='ocrx_word' id='word_1_386' title='bbox 3370 2270 3472 2325; x_wconf 88' lang='lat' dir='ltr'><strong>sci-</strong></span> 
     </span>
    </p>
   </div>
   <div class='ocr_carea' id='block_1_52' title="bbox 1893 2344 3470 2432">
    <p class='ocr_par' dir='ltr' id='par_1_52' title="bbox 1893 2344 3470 2432">
     <span class='ocr_line' id='line_1_52' title="bbox 1893 2344 3470 2432; baseline 0.014 -34"><span class='ocrx_word' id='word_1_387' title='bbox 1893 2344 2017 2400; x_wconf 91' lang='lat' dir='ltr'><strong>licet</strong></span> <span class='ocrx_word' id='word_1_388' title='bbox 2042 2358 2353 2431; x_wconf 60' lang='lat' dir='ltr'><strong>argpmenta</strong></span> <span class='ocrx_word' id='word_1_389' title='bbox 2379 2364 2555 2404; x_wconf 85' lang='lat' dir='ltr'><strong>rerum</strong></span> <span class='ocrx_word' id='word_1_390' title='bbox 2588 2354 2769 2420; x_wconf 88' lang='lat' dir='ltr'><strong>paucis</strong></span> <span class='ocrx_word' id='word_1_391' title='bbox 2800 2356 3041 2413; x_wconf 84' lang='lat' dir='ltr'><strong>versibus</strong></span> <span class='ocrx_word' id='word_1_392' title='bbox 3064 2362 3470 2432; x_wconf 89' lang='lat' dir='ltr'><strong>comprehensa.</strong></span> 
     </span>
    </p>
   </div>
   <div class='ocr_carea' id='block_1_53' title="bbox 1892 2435 3471 2513">
    <p class='ocr_par' dir='ltr' id='par_1_53' title="bbox 1892 2435 3471 2513">
     <span class='ocr_line' id='line_1_53' title="bbox 1892 2435 3471 2513; baseline 0.015 -23"><span class='ocrx_word' id='word_1_393' title='bbox 1892 2435 2062 2491; x_wconf 63' lang='grc' dir='ltr'><strong>ϐιαιθί</strong></span> <span class='ocrx_word' id='word_1_394' title='bbox 2094 2438 2391 2508; x_wconf 86' lang='lat' dir='ltr'><strong>&#39;periochas</strong></span> <span class='ocrx_word' id='word_1_395' title='bbox 2432 2450 2627 2496; x_wconf 90' lang='lat' dir='ltr'><strong>vocant</strong></span> <span class='ocrx_word' id='word_1_396' title='bbox 2670 2444 2854 2513; x_wconf 90' lang='lat' dir='ltr'><strong>quales</strong></span> <span class='ocrx_word' id='word_1_397' title='bbox 2894 2445 2946 2501; x_wconf 91' lang='lat' dir='ltr'><strong>in</strong></span> <span class='ocrx_word' id='word_1_398' title='bbox 2993 2447 3204 2507; x_wconf 81' lang='lat' dir='ltr'><strong>Homeri</strong></span> <span class='ocrx_word' id='word_1_399' title='bbox 3255 2453 3471 2512; x_wconf 89' lang='lat' dir='ltr'><strong>Iliadem</strong></span> 
     </span>
    </p>
   </div>
   <div class='ocr_carea' id='block_1_54' title="bbox 1890 2528 3472 2615">
    <p class='ocr_par' dir='ltr' id='par_1_54' title="bbox 1890 2528 3472 2615">
     <span class='ocr_line' id='line_1_54' title="bbox 1890 2528 3472 2615; baseline 0.015 -34"><span class='ocrx_word' id='word_1_400' title='bbox 1890 2528 2105 2597; x_wconf 88' lang='lat' dir='ltr'><strong>scripsit</strong></span> <span class='ocrx_word' id='word_1_401' title='bbox 2164 2530 2452 2597; x_wconf 85' lang='lat' dir='ltr'><strong>Ausonius,</strong></span> <span class='ocrx_word' id='word_1_402' title='bbox 2504 2534 2556 2586; x_wconf 94' lang='lat' dir='ltr'><strong>in</strong></span> <span class='ocrx_word' id='word_1_403' title='bbox 2594 2533 2831 2591; x_wconf 85' lang='lat' dir='ltr'><strong>Terentii</strong></span> <span class='ocrx_word' id='word_1_404' title='bbox 2871 2539 3160 2595; x_wconf 69' lang='lat' dir='ltr'><strong>comoedias</strong></span> <span class='ocrx_word' id='word_1_405' title='bbox 3208 2543 3472 2615; x_wconf 83' lang='lat' dir='ltr'><strong>Sulpicius</strong></span> 
     </span>
    </p>
   </div>
   <div class='ocr_carea' id='block_1_55' title="bbox 1892 2620 3471 2708">
    <p class='ocr_par' dir='ltr' id='par_1_55' title="bbox 1892 2620 3471 2708">
     <span class='ocr_line' id='line_1_55' title="bbox 1892 2620 3471 2708; baseline 0.013 -34"><span class='ocrx_word' id='word_1_406' title='bbox 1892 2620 2233 2690; x_wconf 84' lang='lat' dir='ltr'><strong>Apollinaris,</strong></span> <span class='ocrx_word' id='word_1_407' title='bbox 2265 2622 2317 2677; x_wconf 92' lang='lat' dir='ltr'><strong>in</strong></span> <span class='ocrx_word' id='word_1_408' title='bbox 2348 2622 2551 2695; x_wconf 85' lang='lat' dir='ltr'><strong>Virgilii</strong></span> <span class='ocrx_word' id='word_1_409' title='bbox 2585 2625 2845 2700; x_wconf 86' lang='lat' dir='ltr'><strong>Georgica</strong></span> <span class='ocrx_word' id='word_1_410' title='bbox 2876 2639 2929 2686; x_wconf 91' lang='lat' dir='ltr'><strong>et</strong></span> <span class='ocrx_word' id='word_1_411' title='bbox 2955 2630 3239 2689; x_wconf 68' lang='lat' dir='ltr'><strong>Eneidem</strong></span> <span class='ocrx_word' id='word_1_412' title='bbox 3268 2636 3471 2708; x_wconf 88' lang='lat' dir='ltr'><strong>plures,</strong></span> 
     </span>
    </p>
   </div>
   <div class='ocr_carea' id='block_1_56' title="bbox 1891 2710 3470 2795">
    <p class='ocr_par' dir='ltr' id='par_1_56' title="bbox 1891 2710 3470 2795">
     <span class='ocr_line' id='line_1_56' title="bbox 1891 2710 3470 2795; baseline 0.015 -31"><span class='ocrx_word' id='word_1_413' title='bbox 1891 2719 1950 2765; x_wconf 91' lang='lat' dir='ltr'><strong>ut</strong></span> <span class='ocrx_word' id='word_1_414' title='bbox 1974 2710 2143 2767; x_wconf 91' lang='lat' dir='ltr'><strong>videri</strong></span> <span class='ocrx_word' id='word_1_415' title='bbox 2192 2722 2367 2784; x_wconf 87' lang='lat' dir='ltr'><strong>potest</strong></span> <span class='ocrx_word' id='word_1_416' title='bbox 2413 2716 2464 2769; x_wconf 94' lang='lat' dir='ltr'><strong>in</strong></span> <span class='ocrx_word' id='word_1_417' title='bbox 2504 2714 2725 2773; x_wconf 86' lang='lat' dir='ltr'><strong>Collect.</strong></span> <span class='ocrx_word' id='word_1_418' title='bbox 2768 2719 2973 2777; x_wconf 92' lang='lat' dir='ltr'><strong>Pisaur.</strong></span> <span class='ocrx_word' id='word_1_419' title='bbox 3008 2731 3114 2780; x_wconf 85' lang='lat' dir='ltr'><strong>vet.</strong></span> <span class='ocrx_word' id='word_1_420' title='bbox 3145 2724 3316 2795; x_wconf 86' lang='lat' dir='ltr'><strong>Poet.,</strong></span> <span class='ocrx_word' id='word_1_421' title='bbox 3342 2737 3470 2788; x_wconf 89' lang='lat' dir='ltr'><strong>tom.</strong></span> 
     </span>
    </p>
   </div>
   <div class='ocr_carea' id='block_1_57' title="bbox 1892 2801 3472 2890">
    <p class='ocr_par' dir='ltr' id='par_1_57' title="bbox 1892 2801 3472 2890">
     <span class='ocr_line' id='line_1_57' title="bbox 1892 2801 3472 2890; baseline 0.013 -34"><span class='ocrx_word' id='word_1_422' title='bbox 1892 2801 1981 2869; x_wconf 86' lang='lat' dir='ltr'><strong>IV,</strong></span> <span class='ocrx_word' id='word_1_423' title='bbox 2001 2819 2119 2874; x_wconf 85' lang='lat' dir='ltr'><strong>pag.</strong></span> <span class='ocrx_word' id='word_1_424' title='bbox 2145 2803 2248 2859; x_wconf 73' lang='grc'><strong>472</strong></span> <span class='ocrx_word' id='word_1_425' title='bbox 2275 2820 2450 2877; x_wconf 87' lang='lat' dir='ltr'><strong>seqq.,</strong></span> <span class='ocrx_word' id='word_1_426' title='bbox 2477 2817 2530 2863; x_wconf 94' lang='lat' dir='ltr'><strong>ct</strong></span> <span class='ocrx_word' id='word_1_427' title='bbox 2558 2809 2611 2863; x_wconf 94' lang='lat' dir='ltr'><strong>in</strong></span> <span class='ocrx_word' id='word_1_428' title='bbox 2637 2809 2854 2866; x_wconf 84' lang='lat' dir='ltr'><strong>Antbol.</strong></span> <span class='ocrx_word' id='word_1_429' title='bbox 2879 2813 3188 2871; x_wconf 89' lang='lat' dir='ltr'><strong>Burmanni.</strong></span> <span class='ocrx_word' id='word_1_430' title='bbox 3218 2818 3272 2873; x_wconf 87' lang='lat' dir='ltr'><strong>ln</strong></span> <span class='ocrx_word' id='word_1_431' title='bbox 3302 2823 3472 2890; x_wconf 88' lang='lat' dir='ltr'><strong>poetis</strong></span> 
     </span>
    </p>
   </div>
   <div class='ocr_carea' id='block_1_58' title="bbox 1891 2893 3459 2986">
    <p class='ocr_par' dir='ltr' id='par_1_58' title="bbox 1891 2893 3459 2986">
     <span class='ocr_line' id='line_1_58' title="bbox 1891 2893 3459 2986; baseline 0.011 -37"><span class='ocrx_word' id='word_1_432' title='bbox 1891 2893 2209 2950; x_wconf 83' lang='lat' dir='ltr'><strong>Christianis</strong></span> <span class='ocrx_word' id='word_1_433' title='bbox 2250 2912 2353 2952; x_wconf 90' lang='lat' dir='ltr'><strong>non</strong></span> <span class='ocrx_word' id='word_1_434' title='bbox 2401 2908 2532 2954; x_wconf 89' lang='lat' dir='ltr'><strong>sunt</strong></span> <span class='ocrx_word' id='word_1_435' title='bbox 2561 2902 2633 2955; x_wconf 89' lang='lat' dir='ltr'><strong>ita</strong></span> <span class='ocrx_word' id='word_1_436' title='bbox 2680 2900 2987 2970; x_wconf 89' lang='lat' dir='ltr'><strong>frequentes</strong></span> <span class='ocrx_word' id='word_1_437' title='bbox 3027 2908 3311 2976; x_wconf 62' lang='lat' dir='ltr'><strong>periochae.</strong></span> <span class='ocrx_word' id='word_1_438' title='bbox 3355 2915 3459 2986; x_wconf 80' lang='lat'><strong>17</strong></span> 
     </span>
    </p>
   </div>
   <div class='ocr_carea' id='block_1_59' title="bbox 1893 2986 3471 3061">
    <p class='ocr_par' dir='ltr' id='par_1_59' title="bbox 1893 2986 3471 3061">
     <span class='ocr_line' id='line_1_59' title="bbox 1893 2986 3471 3061; baseline 0.013 -21"><span class='ocrx_word' id='word_1_439' title='bbox 1893 2986 1949 3041; x_wconf 93' lang='lat' dir='ltr'><strong>In</strong></span> <span class='ocrx_word' id='word_1_440' title='bbox 1982 2988 2303 3044; x_wconf 84' lang='lat' dir='ltr'><strong>bibliotheca</strong></span> <span class='ocrx_word' id='word_1_441' title='bbox 2338 2989 2591 3047; x_wconf 91' lang='lat' dir='ltr'><strong>Vaticana</strong></span> <span class='ocrx_word' id='word_1_442' title='bbox 2618 2994 2786 3049; x_wconf 87' lang='lat' dir='ltr'><strong>codex</strong></span> <span class='ocrx_word' id='word_1_443' title='bbox 2829 2994 3101 3053; x_wconf 88' lang='lat' dir='ltr'><strong>Palatinus</strong></span> <span class='ocrx_word' id='word_1_444' title='bbox 3140 3017 3290 3061; x_wconf 88' lang='lat' dir='ltr'><strong>num.</strong></span> <span class='ocrx_word' id='word_1_445' title='bbox 3333 3006 3471 3061; x_wconf 80' lang='lat' dir='ltr'><strong>l7l7</strong></span> 
     </span>
    </p>
   </div>
   <div class='ocr_carea' id='block_1_60' title="bbox 1893 3078 3465 3165">
    <p class='ocr_par' dir='ltr' id='par_1_60' title="bbox 1893 3078 3465 3165">
     <span class='ocr_line' id='line_1_60' title="bbox 1893 3078 3465 3165; baseline 0.015 -33"><span class='ocrx_word' id='word_1_446' title='bbox 1893 3078 2053 3135; x_wconf 87' lang='lat' dir='ltr'><strong>habet</strong></span> <span class='ocrx_word' id='word_1_447' title='bbox 2080 3081 2318 3138; x_wconf 83' lang='lat' dir='ltr'><strong>Aratoris</strong></span> <span class='ocrx_word' id='word_1_448' title='bbox 2347 3099 2528 3154; x_wconf 88' lang='lat' dir='ltr'><strong>opera,</strong></span> <span class='ocrx_word' id='word_1_449' title='bbox 2553 3102 2670 3157; x_wconf 65' lang='lat' dir='ltr'><strong>qua:</strong></span> <span class='ocrx_word' id='word_1_450' title='bbox 2698 3101 2819 3143; x_wconf 92' lang='lat' dir='ltr'><strong>cum</strong></span> <span class='ocrx_word' id='word_1_451' title='bbox 2848 3090 2968 3146; x_wconf 89' lang='lat' dir='ltr'><strong>aliis</strong></span> <span class='ocrx_word' id='word_1_452' title='bbox 2995 3107 3123 3149; x_wconf 87' lang='lat' dir='ltr'><strong>mss.</strong></span> <span class='ocrx_word' id='word_1_453' title='bbox 3157 3097 3381 3165; x_wconf 87' lang='lat' dir='ltr'><strong>contuli,</strong></span> <span class='ocrx_word' id='word_1_454' title='bbox 3413 3100 3465 3156; x_wconf 89' lang='lat' dir='ltr'><strong>in</strong></span> 
     </span>
    </p>
   </div>
   <div class='ocr_carea' id='block_1_61' title="bbox 1892 3171 3470 3252">
    <p class='ocr_par' dir='ltr' id='par_1_61' title="bbox 1892 3171 3470 3252">
     <span class='ocr_line' id='line_1_61' title="bbox 1892 3171 3470 3252; baseline 0.014 -29"><span class='ocrx_word' id='word_1_455' title='bbox 1892 3185 1999 3240; x_wconf 90' lang='lat' dir='ltr'><strong>quo</strong></span> <span class='ocrx_word' id='word_1_456' title='bbox 2028 3171 2273 3242; x_wconf 89' lang='lat' dir='ltr'><strong>leguntur</strong></span> <span class='ocrx_word' id='word_1_457' title='bbox 2298 3172 2404 3230; x_wconf 91' lang='lat' dir='ltr'><strong>duo</strong></span> <span class='ocrx_word' id='word_1_458' title='bbox 2430 3178 2673 3233; x_wconf 83' lang='lat' dir='ltr'><strong>versiculi</strong></span> <span class='ocrx_word' id='word_1_459' title='bbox 2706 3180 2993 3252; x_wconf 88' lang='lat' dir='ltr'><strong>rhythmici</strong></span> <span class='ocrx_word' id='word_1_460' title='bbox 3039 3184 3195 3241; x_wconf 92' lang='lat' dir='ltr'><strong>initio</strong></span> <span class='ocrx_word' id='word_1_461' title='bbox 3225 3187 3470 3246; x_wconf 67' lang='lat' dir='ltr'><strong>uniusctto</strong></span> 
     </span>
    </p>
   </div>
   <div class='ocr_carea' id='block_1_62' title="bbox 212 3256 3469 3347">
    <p class='ocr_par' dir='ltr' id='par_1_62' title="bbox 212 3256 3469 3347">
     <span class='ocr_line' id='line_1_62' title="bbox 212 3256 3469 3347; baseline 0.002 -11"><span class='ocrx_word' id='word_1_462' title='bbox 212 3256 478 3336; x_wconf 79' lang='lat' dir='ltr'><strong>cuerunt:</strong></span> <span class='ocrx_word' id='word_1_463' title='bbox 510 3256 609 3334; x_wconf 80' lang='lat' dir='ltr'><strong>nec</strong></span> <span class='ocrx_word' id='word_1_464' title='bbox 632 3278 827 3333; x_wconf 89' lang='lat' dir='ltr'><strong>desunt</strong></span> <span class='ocrx_word' id='word_1_465' title='bbox 873 3278 962 3347; x_wconf 89' lang='lat' dir='ltr'><strong>qni</strong></span> <span class='ocrx_word' id='word_1_466' title='bbox 997 3284 1073 3332; x_wconf 90' lang='lat' dir='ltr'><strong>tot</strong></span> <span class='ocrx_word' id='word_1_467' title='bbox 1111 3278 1164 3330; x_wconf 92' lang='lat' dir='ltr'><strong>in</strong></span> <span class='ocrx_word' id='word_1_468' title='bbox 1194 3291 1315 3332; x_wconf 90' lang='lat' dir='ltr'><strong>eum</strong></span> <span class='ocrx_word' id='word_1_469' title='bbox 1352 3274 1577 3331; x_wconf 87' lang='lat' dir='ltr'><strong>aliorum</strong></span> <span class='ocrx_word' id='word_1_470' title='bbox 1608 3290 1793 3330; x_wconf 86' lang='lat' dir='ltr'><strong>emen-</strong></span> <span class='ocrx_word' id='word_1_471' title='bbox 1819 3256 1866 3320; x_wconf 72' lang='grc' dir='ltr'>ο</span> <span class='ocrx_word' id='word_1_472' title='bbox 1891 3264 2087 3334; x_wconf 78' lang='lat' dir='ltr'><strong>iusque</strong></span> <span class='ocrx_word' id='word_1_473' title='bbox 2101 3267 2312 3336; x_wconf 83' lang='lat' dir='ltr'><strong>capitis,</strong></span> <span class='ocrx_word' id='word_1_474' title='bbox 2336 3256 2528 3339; x_wconf 81' lang='lat' dir='ltr'><strong>quibus</strong></span> <span class='ocrx_word' id='word_1_475' title='bbox 2542 3283 2911 3343; x_wconf 88' lang='lat' dir='ltr'><strong>argumentum</strong></span> <span class='ocrx_word' id='word_1_476' title='bbox 2929 3281 3234 3347; x_wconf 89' lang='lat' dir='ltr'><strong>exponitur.</strong></span> <span class='ocrx_word' id='word_1_477' title='bbox 3265 3284 3469 3341; x_wconf 79' lang='lat' dir='ltr'><strong>Aurora</strong></span> 
     </span>
    </p>
   </div>
   <div class='ocr_carea' id='block_1_63' title="bbox 213 3368 1791 3457">
    <p class='ocr_par' dir='ltr' id='par_1_63' title="bbox 213 3368 1791 3457">
     <span class='ocr_line' id='line_1_63' title="bbox 213 3368 1791 3457; baseline -0.003 -30"><span class='ocrx_word' id='word_1_478' title='bbox 213 3372 459 3427; x_wconf 87' lang='lat' dir='ltr'><strong>dationes</strong></span> <span class='ocrx_word' id='word_1_479' title='bbox 484 3369 755 3427; x_wconf 89' lang='lat' dir='ltr'><strong>confectas</strong></span> <span class='ocrx_word' id='word_1_480' title='bbox 798 3378 1005 3439; x_wconf 88' lang='lat' dir='ltr'><strong>putent,</strong></span> <span class='ocrx_word' id='word_1_481' title='bbox 1038 3378 1094 3423; x_wconf 91' lang='lat' dir='ltr'><strong>ut</strong></span> <span class='ocrx_word' id='word_1_482' title='bbox 1118 3384 1253 3438; x_wconf 86' lang='lat' dir='ltr'><strong>opus</strong></span> <span class='ocrx_word' id='word_1_483' title='bbox 1282 3368 1566 3457; x_wconf 74' lang='lat' dir='ltr'><strong>multorum</strong></span> <span class='ocrx_word' id='word_1_484' title='bbox 1614 3368 1791 3437; x_wconf 88' lang='lat' dir='ltr'><strong>potius</strong></span> 
     </span>
    </p>
   </div>
   <div class='ocr_carea' id='block_1_64' title="bbox 214 3460 1791 3535">
    <p class='ocr_par' dir='ltr' id='par_1_64' title="bbox 214 3460 1791 3535">
     <span class='ocr_line' id='line_1_64' title="bbox 214 3460 1791 3535; baseline -0.003 -16"><span class='ocrx_word' id='word_1_485' title='bbox 214 3478 372 3535; x_wconf 84' lang='lat' dir='ltr'><strong>quam</strong></span> <span class='ocrx_word' id='word_1_486' title='bbox 404 3464 563 3518; x_wconf 91' lang='lat' dir='ltr'><strong>unius</strong></span> <span class='ocrx_word' id='word_1_487' title='bbox 601 3466 837 3519; x_wconf 88' lang='lat' dir='ltr'><strong>auctoris</strong></span> <span class='ocrx_word' id='word_1_488' title='bbox 874 3462 1200 3518; x_wconf 86' lang='lat' dir='ltr'><strong>censendum</strong></span> <span class='ocrx_word' id='word_1_489' title='bbox 1244 3462 1335 3517; x_wconf 92' lang='lat' dir='ltr'><strong>sit.</strong></span> <span class='ocrx_word' id='word_1_490' title='bbox 1393 3461 1448 3516; x_wconf 94' lang='lat' dir='ltr'><strong>In</strong></span> <span class='ocrx_word' id='word_1_491' title='bbox 1494 3460 1791 3531; x_wconf 85' lang='lat' dir='ltr'><strong>percelcbri</strong></span> 
     </span>
    </p>
   </div>
   <div class='ocr_carea' id='block_1_65' title="bbox 214 3553 1792 3623">
    <p class='ocr_par' dir='ltr' id='par_1_65' title="bbox 214 3553 1792 3623">
     <span class='ocr_line' id='line_1_65' title="bbox 214 3553 1792 3623; baseline -0.003 -10"><span class='ocrx_word' id='word_1_492' title='bbox 214 3558 578 3613; x_wconf 86' lang='lat' dir='ltr'><strong>controversia</strong></span> <span class='ocrx_word' id='word_1_493' title='bbox 607 3556 675 3612; x_wconf 92' lang='lat' dir='ltr'><strong>de</strong></span> <span class='ocrx_word' id='word_1_494' title='bbox 706 3563 950 3610; x_wconf 90' lang='lat' dir='ltr'><strong>veterum</strong></span> <span class='ocrx_word' id='word_1_495' title='bbox 994 3554 1145 3611; x_wconf 90' lang='lat' dir='ltr'><strong>libris</strong></span> <span class='ocrx_word' id='word_1_496' title='bbox 1191 3553 1458 3623; x_wconf 88' lang='lat' dir='ltr'><strong>corruptis</strong></span> <span class='ocrx_word' id='word_1_497' title='bbox 1498 3569 1602 3607; x_wconf 91' lang='lat' dir='ltr'><strong>non</strong></span> <span class='ocrx_word' id='word_1_498' title='bbox 1659 3554 1792 3608; x_wconf 87' lang='lat' dir='ltr'><strong>levis</strong></span> 
     </span>
    </p>
   </div>
   <div class='ocr_carea' id='block_1_66' title="bbox 214 3643 1788 3716">
    <p class='ocr_par' dir='ltr' id='par_1_66' title="bbox 214 3643 1788 3716">
     <span class='ocr_line' id='line_1_66' title="bbox 214 3643 1788 3716; baseline -0.003 -11"><span class='ocrx_word' id='word_1_499' title='bbox 214 3648 501 3705; x_wconf 77' lang='lat' dir='ltr'><strong>difﬁcultas</strong></span> <span class='ocrx_word' id='word_1_500' title='bbox 522 3662 589 3702; x_wconf 86' lang='lat' dir='ltr'><strong>ex</strong></span> <span class='ocrx_word' id='word_1_501' title='bbox 621 3647 719 3701; x_wconf 89' lang='lat' dir='ltr'><strong>hac</strong></span> <span class='ocrx_word' id='word_1_502' title='bbox 748 3656 894 3715; x_wconf 88' lang='lat' dir='ltr'><strong>parte</strong></span> <span class='ocrx_word' id='word_1_503' title='bbox 915 3647 1086 3701; x_wconf 89' lang='lat' dir='ltr'><strong>creari</strong></span> <span class='ocrx_word' id='word_1_504' title='bbox 1117 3654 1310 3714; x_wconf 88' lang='lat' dir='ltr'><strong>potest,</strong></span> <span class='ocrx_word' id='word_1_505' title='bbox 1338 3643 1479 3716; x_wconf 91' lang='lat' dir='ltr'><strong>quod</strong></span> <span class='ocrx_word' id='word_1_506' title='bbox 1508 3645 1658 3700; x_wconf 90' lang='lat' dir='ltr'><strong>multi</strong></span> <span class='ocrx_word' id='word_1_507' title='bbox 1689 3646 1788 3701; x_wconf 71' lang='grc' dir='ltr'><strong>δὼἰ</strong></span> 
     </span>
    </p>
   </div>
   <div class='ocr_carea' id='block_1_67' title="bbox 215 3737 1788 3810">
    <p class='ocr_par' dir='ltr' id='par_1_67' title="bbox 215 3737 1788 3810">
     <span class='ocr_line' id='line_1_67' title="bbox 215 3737 1788 3810; baseline -0.002 -15"><span class='ocrx_word' id='word_1_508' title='bbox 215 3741 377 3796; x_wconf 86' lang='lat' dir='ltr'><strong>licere</strong></span> <span class='ocrx_word' id='word_1_509' title='bbox 412 3747 658 3810; x_wconf 87' lang='lat' dir='ltr'><strong>putarent</strong></span> <span class='ocrx_word' id='word_1_510' title='bbox 694 3738 918 3794; x_wconf 89' lang='lat' dir='ltr'><strong>aliorum</strong></span> <span class='ocrx_word' id='word_1_511' title='bbox 962 3753 1122 3807; x_wconf 89' lang='lat' dir='ltr'><strong>opera</strong></span> <span class='ocrx_word' id='word_1_512' title='bbox 1155 3738 1206 3793; x_wconf 90' lang='lat' dir='ltr'><strong>in</strong></span> <span class='ocrx_word' id='word_1_513' title='bbox 1238 3739 1514 3793; x_wconf 87' lang='lat' dir='ltr'><strong>meliorem</strong></span> <span class='ocrx_word' id='word_1_514' title='bbox 1563 3737 1788 3792; x_wconf 87' lang='lat' dir='ltr'><strong>formam</strong></span> 
     </span>
    </p>
   </div>
   <div class='ocr_carea' id='block_1_68' title="bbox 216 3829 1791 3915">
    <p class='ocr_par' dir='ltr' id='par_1_68' title="bbox 216 3829 1791 3915">
     <span class='ocr_line' id='line_1_68' title="bbox 216 3829 1791 3915; baseline -0.002 -29"><span class='ocrx_word' id='word_1_515' title='bbox 216 3832 480 3901; x_wconf 86' lang='lat' dir='ltr'><strong>redigere,</strong></span> <span class='ocrx_word' id='word_1_516' title='bbox 512 3829 615 3885; x_wconf 84' lang='lat' dir='ltr'><strong>hoc</strong></span> <span class='ocrx_word' id='word_1_517' title='bbox 645 3838 749 3895; x_wconf 80' lang='lat' dir='ltr'><strong>est,</strong></span> <span class='ocrx_word' id='word_1_518' title='bbox 780 3830 824 3883; x_wconf 91' lang='lat' dir='ltr'><strong>si</strong></span> <span class='ocrx_word' id='word_1_519' title='bbox 853 3829 995 3899; x_wconf 89' lang='lat' dir='ltr'><strong>loqui</strong></span> <span class='ocrx_word' id='word_1_520' title='bbox 1038 3830 1353 3900; x_wconf 88' lang='lat' dir='ltr'><strong>simpliciter</strong></span> <span class='ocrx_word' id='word_1_521' title='bbox 1377 3829 1646 3915; x_wconf 79' lang='lat' dir='ltr'><strong>volumus,</strong></span> <span class='ocrx_word' id='word_1_522' title='bbox 1672 3843 1791 3883; x_wconf 88' lang='lat' dir='ltr'><strong>cor-</strong></span> 
     </span>
    </p>
   </div>
   <div class='ocr_carea' id='block_1_69' title="bbox 216 3919 1790 3990">
    <p class='ocr_par' dir='ltr' id='par_1_69' title="bbox 216 3919 1790 3990">
     <span class='ocr_line' id='line_1_69' title="bbox 216 3919 1790 3990; baseline -0.002 -14"><span class='ocrx_word' id='word_1_523' title='bbox 216 3935 482 3990; x_wconf 88' lang='lat' dir='ltr'><strong>rumpere.</strong></span> <span class='ocrx_word' id='word_1_524' title='bbox 514 3919 693 3990; x_wconf 79' lang='lat' dir='ltr'><strong>Neque</strong></span> <span class='ocrx_word' id='word_1_525' title='bbox 723 3934 852 3976; x_wconf 87' lang='lat' dir='ltr'><strong>vero</strong></span> <span class='ocrx_word' id='word_1_526' title='bbox 878 3919 1201 3974; x_wconf 90' lang='lat' dir='ltr'><strong>credendum</strong></span> <span class='ocrx_word' id='word_1_527' title='bbox 1233 3929 1335 3982; x_wconf 86' lang='lat' dir='ltr'><strong>est,</strong></span> <span class='ocrx_word' id='word_1_528' title='bbox 1365 3932 1551 3972; x_wconf 89' lang='lat' dir='ltr'><strong>omnes</strong></span> <span class='ocrx_word' id='word_1_529' title='bbox 1578 3921 1664 3986; x_wconf 87' lang='lat' dir='ltr'><strong>qui</strong></span> <span class='ocrx_word' id='word_1_530' title='bbox 1695 3934 1790 3973; x_wconf 88' lang='lat' dir='ltr'><strong>an-</strong></span> 
     </span>
    </p>
   </div>
   <div class='ocr_carea' id='block_1_70' title="bbox 218 4002 1787 4082">
    <p class='ocr_par' dir='ltr' id='par_1_70' title="bbox 218 4002 1787 4082">
     <span class='ocr_line' id='line_1_70' title="bbox 218 4002 1787 4082; baseline 0 -16"><span class='ocrx_word' id='word_1_531' title='bbox 218 4002 479 4082; x_wconf 84' lang='lat' dir='ltr'><strong>tiquorum</strong></span> <span class='ocrx_word' id='word_1_532' title='bbox 502 4012 695 4079; x_wconf 86' lang='lat' dir='ltr'><strong>scripta</strong></span> <span class='ocrx_word' id='word_1_533' title='bbox 717 4009 1075 4066; x_wconf 86' lang='lat' dir='ltr'><strong>cmendabant</strong></span> <span class='ocrx_word' id='word_1_534' title='bbox 1100 4027 1163 4065; x_wconf 90' lang='lat' dir='ltr'><strong>eo</strong></span> <span class='ocrx_word' id='word_1_535' title='bbox 1182 4012 1361 4065; x_wconf 90' lang='lat' dir='ltr'><strong>animo</strong></span> <span class='ocrx_word' id='word_1_536' title='bbox 1381 4011 1608 4080; x_wconf 83' lang='lat' dir='ltr'><strong>ingenuo</strong></span> <span class='ocrx_word' id='word_1_537' title='bbox 1628 4010 1787 4066; x_wconf 88' lang='lat' dir='ltr'><strong>fuisse</strong></span> 
     </span>
    </p>
   </div>
   <div class='ocr_carea' id='block_1_71' title="bbox 216 4100 1789 4172">
    <p class='ocr_par' dir='ltr' id='par_1_71' title="bbox 216 4100 1789 4172">
     <span class='ocr_line' id='line_1_71' title="bbox 216 4100 1789 4172; baseline -0.001 -16"><span class='ocrx_word' id='word_1_538' title='bbox 216 4117 318 4172; x_wconf 81' lang='lat' dir='ltr'><strong>quo</strong></span> <span class='ocrx_word' id='word_1_539' title='bbox 347 4100 450 4156; x_wconf 91' lang='lat' dir='ltr'><strong>fuit</strong></span> <span class='ocrx_word' id='word_1_540' title='bbox 473 4102 757 4170; x_wconf 86' lang='lat' dir='ltr'><strong>Eugenius,</strong></span> <span class='ocrx_word' id='word_1_541' title='bbox 791 4116 889 4156; x_wconf 89' lang='lat' dir='ltr'><strong>nec</strong></span> <span class='ocrx_word' id='word_1_542' title='bbox 917 4108 1022 4154; x_wconf 85' lang='lat' dir='ltr'><strong>tam</strong></span> <span class='ocrx_word' id='word_1_543' title='bbox 1057 4102 1310 4170; x_wconf 87' lang='lat' dir='ltr'><strong>probabili</strong></span> <span class='ocrx_word' id='word_1_544' title='bbox 1341 4102 1545 4156; x_wconf 86' lang='lat' dir='ltr'><strong>ratione</strong></span> <span class='ocrx_word' id='word_1_545' title='bbox 1576 4117 1789 4172; x_wconf 86' lang='lat' dir='ltr'><strong>permu-</strong></span> 
     </span>
    </p>
   </div>
   <div class='ocr_carea' id='block_1_72' title="bbox 216 4194 1786 4261">
    <p class='ocr_par' dir='ltr' id='par_1_72' title="bbox 216 4194 1786 4261">
     <span class='ocr_line' id='line_1_72' title="bbox 216 4194 1786 4261; baseline 0.001 -11"><span class='ocrx_word' id='word_1_546' title='bbox 216 4206 318 4261; x_wconf 90' lang='lat' dir='ltr'><strong>tos,</strong></span> <span class='ocrx_word' id='word_1_547' title='bbox 351 4205 410 4249; x_wconf 92' lang='lat' dir='ltr'><strong>ut</strong></span> <span class='ocrx_word' id='word_1_548' title='bbox 431 4209 618 4248; x_wconf 88' lang='lat' dir='ltr'><strong>ausum</strong></span> <span class='ocrx_word' id='word_1_549' title='bbox 642 4210 794 4247; x_wconf 86' lang='lat' dir='ltr'><strong>suum</strong></span> <span class='ocrx_word' id='word_1_550' title='bbox 824 4194 974 4248; x_wconf 82' lang='lat' dir='ltr'><strong>fateri</strong></span> <span class='ocrx_word' id='word_1_551' title='bbox 1011 4209 1113 4249; x_wconf 94' lang='lat' dir='ltr'><strong>non</strong></span> <span class='ocrx_word' id='word_1_552' title='bbox 1156 4196 1556 4251; x_wconf 89' lang='lat' dir='ltr'><strong>erubescerent.</strong></span> <span class='ocrx_word' id='word_1_553' title='bbox 1594 4197 1786 4252; x_wconf 90' lang='lat' dir='ltr'><strong>Verum</strong></span> 
     </span>
    </p>
   </div>
   <div class='ocr_carea' id='block_1_73' title="bbox 216 4287 1789 4361">
    <p class='ocr_par' dir='ltr' id='par_1_73' title="bbox 216 4287 1789 4361">
     <span class='ocr_line' id='line_1_73' title="bbox 216 4287 1789 4361; baseline 0.001 -15"><span class='ocrx_word' id='word_1_554' title='bbox 216 4306 278 4346; x_wconf 86' lang='lat' dir='ltr'><strong>cx</strong></span> <span class='ocrx_word' id='word_1_555' title='bbox 303 4289 406 4344; x_wconf 90' lang='lat' dir='ltr'><strong>hac</strong></span> <span class='ocrx_word' id='word_1_556' title='bbox 429 4289 543 4358; x_wconf 90' lang='lat' dir='ltr'><strong>ipsa</strong></span> <span class='ocrx_word' id='word_1_557' title='bbox 568 4287 873 4357; x_wconf 80' lang='lat' dir='ltr'><strong>pra-latione</strong></span> <span class='ocrx_word' id='word_1_558' title='bbox 900 4296 1046 4343; x_wconf 90' lang='lat' dir='ltr'><strong>recte</strong></span> <span class='ocrx_word' id='word_1_559' title='bbox 1066 4290 1322 4358; x_wconf 83' lang='lat' dir='ltr'><strong>arguitur,</strong></span> <span class='ocrx_word' id='word_1_560' title='bbox 1352 4290 1455 4361; x_wconf 72' lang='grc' dir='ltr'><strong>ιδ</strong></span> <span class='ocrx_word' id='word_1_561' title='bbox 1480 4290 1638 4345; x_wconf 87' lang='lat' dir='ltr'><strong>etiam</strong></span> <span class='ocrx_word' id='word_1_562' title='bbox 1663 4301 1789 4347; x_wconf 90' lang='lat' dir='ltr'><strong>tunc</strong></span> 
     </span>
    </p>
   </div>
   <div class='ocr_carea' id='block_1_74' title="bbox 217 4382 1789 4451">
    <p class='ocr_par' dir='ltr' id='par_1_74' title="bbox 217 4382 1789 4451">
     <span class='ocr_line' id='line_1_74' title="bbox 217 4382 1789 4451; baseline 0.003 -15"><span class='ocrx_word' id='word_1_563' title='bbox 217 4384 346 4439; x_wconf 85' lang='lat' dir='ltr'><strong>vitio</strong></span> <span class='ocrx_word' id='word_1_564' title='bbox 368 4383 550 4437; x_wconf 90' lang='lat' dir='ltr'><strong>datum</strong></span> <span class='ocrx_word' id='word_1_565' title='bbox 583 4382 745 4436; x_wconf 89' lang='lat' dir='ltr'><strong>fuisse</strong></span> <span class='ocrx_word' id='word_1_566' title='bbox 789 4392 1027 4438; x_wconf 84' lang='lat' dir='ltr'><strong>veterum</strong></span> <span class='ocrx_word' id='word_1_567' title='bbox 1074 4384 1389 4451; x_wconf 68' lang='lat' dir='ltr'><strong>sctiptorum</strong></span> <span class='ocrx_word' id='word_1_568' title='bbox 1418 4384 1629 4440; x_wconf 87' lang='lat' dir='ltr'><strong>codices</strong></span> <span class='ocrx_word' id='word_1_569' title='bbox 1672 4386 1789 4441; x_wconf 76' lang='lat' dir='ltr'><strong>sine</strong></span> 
     </span>
    </p>
   </div>
   <div class='ocr_carea' id='block_1_75' title="bbox 216 4473 932 4546">
    <p class='ocr_par' dir='ltr' id='par_1_75' title="bbox 216 4473 932 4546">
     <span class='ocr_line' id='line_1_75' title="bbox 216 4473 932 4546; baseline -0.001 -17"><span class='ocrx_word' id='word_1_570' title='bbox 216 4473 353 4546; x_wconf 67' lang='lat' dir='ltr'><strong>iusta</strong></span> <span class='ocrx_word' id='word_1_571' title='bbox 380 4487 538 4531; x_wconf 88' lang='lat' dir='ltr'><strong>causa</strong></span> <span class='ocrx_word' id='word_1_572' title='bbox 570 4474 894 4545; x_wconf 88' lang='lat' dir='ltr'><strong>interpolare</strong></span> <span class='ocrx_word' id='word_1_573' title='bbox 920 4494 932 4528; x_wconf 89' lang='lat'>:</span> 
     </span>
    </p>
   </div>
   <div class='ocr_carea' id='block_1_76' title="bbox 335 4590 1419 4654">
    <p class='ocr_par' dir='ltr' id='par_1_76' title="bbox 335 4590 1419 4654">
     <span class='ocr_line' id='line_1_76' title="bbox 335 4590 1419 4654; baseline -0.001 -14"><span class='ocrx_word' id='word_1_574' title='bbox 335 4590 401 4641; x_wconf 83' lang='lat' dir='ltr'><strong>Et</strong></span> <span class='ocrx_word' id='word_1_575' title='bbox 436 4590 548 4654; x_wconf 89' lang='lat' dir='ltr'><strong>quis</strong></span> <span class='ocrx_word' id='word_1_576' title='bbox 573 4597 649 4640; x_wconf 88' lang='lat' dir='ltr'><strong>est</strong></span> <span class='ocrx_word' id='word_1_577' title='bbox 664 4598 886 4641; x_wconf 74' lang='lat' dir='ltr'><strong>veterum</strong></span> <span class='ocrx_word' id='word_1_578' title='bbox 906 4604 987 4653; x_wconf 90' lang='lat' dir='ltr'><strong>qut</strong></span> <span class='ocrx_word' id='word_1_579' title='bbox 1012 4592 1218 4641; x_wconf 82' lang='lat' dir='ltr'><strong>carmina</strong></span> <span class='ocrx_word' id='word_1_580' title='bbox 1234 4590 1419 4641; x_wconf 82' lang='lat' dir='ltr'><strong>mutat?</strong></span> 
     </span>
    </p>
   </div>
   <div class='ocr_carea' id='block_1_77' title="bbox 217 4694 1786 4769">
    <p class='ocr_par' dir='ltr' id='par_1_77' title="bbox 217 4694 1786 4769">
     <span class='ocr_line' id='line_1_77' title="bbox 217 4694 1786 4769; baseline 0.002 -17"><span class='ocrx_word' id='word_1_581' title='bbox 217 4694 624 4752; x_wconf 80' lang='lat' dir='ltr'><strong>intolerandum</strong></span> <span class='ocrx_word' id='word_1_582' title='bbox 644 4703 789 4757; x_wconf 85' lang='lat' dir='ltr'><strong>certe</strong></span> <span class='ocrx_word' id='word_1_583' title='bbox 818 4705 983 4762; x_wconf 87' lang='lat' dir='ltr'><strong>esset,</strong></span> <span class='ocrx_word' id='word_1_584' title='bbox 1010 4698 1054 4751; x_wconf 90' lang='lat' dir='ltr'><strong>si</strong></span> <span class='ocrx_word' id='word_1_585' title='bbox 1086 4699 1153 4751; x_wconf 90' lang='lat' dir='ltr'><strong>ita</strong></span> <span class='ocrx_word' id='word_1_586' title='bbox 1177 4709 1413 4754; x_wconf 86' lang='lat' dir='ltr'><strong>veterum</strong></span> <span class='ocrx_word' id='word_1_587' title='bbox 1443 4699 1642 4769; x_wconf 89' lang='lat' dir='ltr'><strong>scripta</strong></span> <span class='ocrx_word' id='word_1_588' title='bbox 1666 4716 1786 4755; x_wconf 86' lang='lat' dir='ltr'><strong>ntu-</strong></span> 
     </span>
    </p>
   </div>
   <div class='ocr_carea' id='block_1_78' title="bbox 216 4787 1787 4857">
    <p class='ocr_par' dir='ltr' id='par_1_78' title="bbox 216 4787 1787 4857">
     <span class='ocr_line' id='line_1_78' title="bbox 216 4787 1787 4857; baseline 0.004 -15"><span class='ocrx_word' id='word_1_589' title='bbox 216 4795 480 4852; x_wconf 88' lang='lat' dir='ltr'><strong>tarentur,</strong></span> <span class='ocrx_word' id='word_1_590' title='bbox 508 4795 563 4842; x_wconf 90' lang='lat' dir='ltr'><strong>ut</strong></span> <span class='ocrx_word' id='word_1_591' title='bbox 583 4787 752 4844; x_wconf 87' lang='lat' dir='ltr'><strong>codex</strong></span> <span class='ocrx_word' id='word_1_592' title='bbox 778 4788 879 4843; x_wconf 92' lang='lat' dir='ltr'><strong>sub</strong></span> <span class='ocrx_word' id='word_1_593' title='bbox 905 4788 1127 4857; x_wconf 85' lang='lat' dir='ltr'><strong>alicujus</strong></span> <span class='ocrx_word' id='word_1_594' title='bbox 1151 4791 1280 4845; x_wconf 88' lang='lat' dir='ltr'><strong>certi</strong></span> <span class='ocrx_word' id='word_1_595' title='bbox 1312 4790 1544 4846; x_wconf 88' lang='lat' dir='ltr'><strong>auctoris</strong></span> <span class='ocrx_word' id='word_1_596' title='bbox 1572 4796 1787 4849; x_wconf 85' lang='lat' dir='ltr'><strong>nomine</strong></span> 
     </span>
    </p>
   </div>
   <div class='ocr_carea' id='block_1_79' title="bbox 215 4880 1790 4951">
    <p class='ocr_par' dir='ltr' id='par_1_79' title="bbox 215 4880 1790 4951">
     <span class='ocr_line' id='line_1_79' title="bbox 215 4880 1790 4951; baseline 0.003 -16"><span class='ocrx_word' id='word_1_597' title='bbox 215 4880 567 4949; x_wconf 87' lang='lat' dir='ltr'><strong>proferretur,</strong></span> <span class='ocrx_word' id='word_1_598' title='bbox 592 4880 718 4951; x_wconf 88' lang='lat' dir='ltr'><strong>quin</strong></span> <span class='ocrx_word' id='word_1_599' title='bbox 746 4880 813 4937; x_wconf 90' lang='lat' dir='ltr'><strong>de</strong></span> <span class='ocrx_word' id='word_1_600' title='bbox 828 4882 1162 4938; x_wconf 87' lang='lat' dir='ltr'><strong>correctione</strong></span> <span class='ocrx_word' id='word_1_601' title='bbox 1186 4882 1253 4938; x_wconf 89' lang='lat' dir='ltr'><strong>ab</strong></span> <span class='ocrx_word' id='word_1_602' title='bbox 1274 4883 1379 4939; x_wconf 92' lang='lat' dir='ltr'><strong>alio</strong></span> <span class='ocrx_word' id='word_1_603' title='bbox 1403 4883 1635 4943; x_wconf 73' lang='lat' dir='ltr'><strong>adhibita</strong></span> <span class='ocrx_word' id='word_1_604' title='bbox 1659 4899 1790 4940; x_wconf 84' lang='lat' dir='ltr'><strong>con-</strong></span> 
     </span>
    </p>
   </div>
   <div class='ocr_carea' id='block_1_80' title="bbox 214 4980 404 5026">
    <p class='ocr_par' dir='ltr' id='par_1_80' title="bbox 214 4980 404 5026">
     <span class='ocr_line' id='line_1_80' title="bbox 214 4980 404 5026; baseline -0.005 0"><span class='ocrx_word' id='word_1_605' title='bbox 214 4980 404 5026; x_wconf 84' lang='lat' dir='ltr'><strong>staret.</strong></span> 
     </span>
    </p>
   </div>
   <div class='ocr_carea' id='block_1_81' title="bbox 282 5083 1788 5155">
    <p class='ocr_par' dir='ltr' id='par_1_81' title="bbox 282 5083 1788 5155">
     <span class='ocr_line' id='line_1_81' title="bbox 282 5083 1788 5155; baseline 0.001 -15"><span class='ocrx_word' id='word_1_606' title='bbox 282 5086 374 5141; x_wconf 73' lang='lat' dir='ltr'><strong>l9.</strong></span> <span class='ocrx_word' id='word_1_607' title='bbox 406 5083 679 5155; x_wconf 83' lang='lat' dir='ltr'><strong>Eugenius</strong></span> <span class='ocrx_word' id='word_1_608' title='bbox 721 5099 827 5140; x_wconf 91' lang='lat' dir='ltr'><strong>non</strong></span> <span class='ocrx_word' id='word_1_609' title='bbox 856 5084 1030 5140; x_wconf 88' lang='lat' dir='ltr'><strong>solum</strong></span> <span class='ocrx_word' id='word_1_610' title='bbox 1062 5100 1251 5155; x_wconf 88' lang='lat' dir='ltr'><strong>poema</strong></span> <span class='ocrx_word' id='word_1_611' title='bbox 1298 5086 1566 5143; x_wconf 88' lang='lat' dir='ltr'><strong>Dracontii</strong></span> <span class='ocrx_word' id='word_1_612' title='bbox 1612 5103 1788 5143; x_wconf 83' lang='lat' dir='ltr'><strong>cmen-</strong></span> 
     </span>
    </p>
   </div>
   <div class='ocr_carea' id='block_1_82' title="bbox 212 5176 1792 5250">
    <p class='ocr_par' dir='ltr' id='par_1_82' title="bbox 212 5176 1792 5250">
     <span class='ocr_line' id='line_1_82' title="bbox 212 5176 1792 5250; baseline 0.002 -19"><span class='ocrx_word' id='word_1_613' title='bbox 212 5176 391 5244; x_wconf 85' lang='lat' dir='ltr'><strong>davit,</strong></span> <span class='ocrx_word' id='word_1_614' title='bbox 430 5189 614 5232; x_wconf 88' lang='lat' dir='ltr'><strong>verum</strong></span> <span class='ocrx_word' id='word_1_615' title='bbox 643 5177 803 5231; x_wconf 88' lang='lat' dir='ltr'><strong>etiam</strong></span> <span class='ocrx_word' id='word_1_616' title='bbox 834 5179 1324 5248; x_wconf 84' lang='lat' dir='ltr'><strong>recapitulationem</strong></span> <span class='ocrx_word' id='word_1_617' title='bbox 1364 5188 1419 5234; x_wconf 88' lang='lat' dir='ltr'><strong>et</strong></span> <span class='ocrx_word' id='word_1_618' title='bbox 1447 5180 1792 5250; x_wconf 84' lang='lat' dir='ltr'><strong>supplemen-</strong></span> 
     </span>
    </p>
   </div>
   <div class='ocr_carea' id='block_1_83' title="bbox 213 5269 1788 5344">
    <p class='ocr_par' dir='ltr' id='par_1_83' title="bbox 213 5269 1788 5344">
     <span class='ocr_line' id='line_1_83' title="bbox 213 5269 1788 5344; baseline 0.004 -19"><span class='ocrx_word' id='word_1_619' title='bbox 213 5280 322 5325; x_wconf 88' lang='lat' dir='ltr'><strong>tum</strong></span> <span class='ocrx_word' id='word_1_620' title='bbox 344 5270 415 5326; x_wconf 88' lang='lat' dir='ltr'><strong>de</strong></span> <span class='ocrx_word' id='word_1_621' title='bbox 434 5269 523 5325; x_wconf 88' lang='lat' dir='ltr'><strong>die</strong></span> <span class='ocrx_word' id='word_1_622' title='bbox 549 5272 779 5341; x_wconf 87' lang='lat' dir='ltr'><strong>septimo</strong></span> <span class='ocrx_word' id='word_1_623' title='bbox 804 5270 1030 5337; x_wconf 85' lang='lat' dir='ltr'><strong>addidit,</strong></span> <span class='ocrx_word' id='word_1_624' title='bbox 1057 5274 1307 5343; x_wconf 87' lang='lat' dir='ltr'><strong>quoniam</strong></span> <span class='ocrx_word' id='word_1_625' title='bbox 1336 5276 1452 5328; x_wconf 87' lang='lat' dir='ltr'><strong>sine</strong></span> <span class='ocrx_word' id='word_1_626' title='bbox 1478 5276 1653 5344; x_wconf 90' lang='lat' dir='ltr'><strong>aliqua</strong></span> <span class='ocrx_word' id='word_1_627' title='bbox 1685 5275 1788 5331; x_wconf 84' lang='lat' dir='ltr'><strong>diei</strong></span> 
     </span>
    </p>
   </div>
   <div class='ocr_carea' id='block_1_84' title="bbox 210 5361 1789 5436">
    <p class='ocr_par' dir='ltr' id='par_1_84' title="bbox 210 5361 1789 5436">
     <span class='ocr_line' id='line_1_84' title="bbox 210 5361 1789 5436; baseline 0.001 -18"><span class='ocrx_word' id='word_1_628' title='bbox 210 5361 428 5434; x_wconf 85' lang='lat' dir='ltr'><strong>septimi</strong></span> <span class='ocrx_word' id='word_1_629' title='bbox 452 5365 963 5419; x_wconf 90' lang='lat' dir='ltr'><strong>commemoratione</strong></span> <span class='ocrx_word' id='word_1_630' title='bbox 991 5378 1124 5433; x_wconf 90' lang='lat' dir='ltr'><strong>opus</strong></span> <span class='ocrx_word' id='word_1_631' title='bbox 1152 5381 1363 5430; x_wconf 83' lang='lat' dir='ltr'><strong>sentum,</strong></span> <span class='ocrx_word' id='word_1_632' title='bbox 1393 5375 1451 5419; x_wconf 94' lang='lat' dir='ltr'><strong>ut</strong></span> <span class='ocrx_word' id='word_1_633' title='bbox 1476 5364 1588 5435; x_wconf 88' lang='lat' dir='ltr'><strong>ipse</strong></span> <span class='ocrx_word' id='word_1_634' title='bbox 1616 5365 1789 5436; x_wconf 88' lang='lat' dir='ltr'><strong>loqui-</strong></span> 
     </span>
    </p>
   </div>
   <div class='ocr_carea' id='block_1_85' title="bbox 212 5454 1785 5529">
    <p class='ocr_par' dir='ltr' id='par_1_85' title="bbox 212 5454 1785 5529">
     <span class='ocr_line' id='line_1_85' title="bbox 212 5454 1785 5529; baseline 0.002 -17"><span class='ocrx_word' id='word_1_635' title='bbox 212 5466 317 5527; x_wconf 82' lang='lat' dir='ltr'><strong>tur,</strong></span> <span class='ocrx_word' id='word_1_636' title='bbox 348 5457 436 5513; x_wconf 85' lang='lat' dir='ltr'><strong>vel</strong></span> <span class='ocrx_word' id='word_1_637' title='bbox 468 5454 815 5526; x_wconf 68' lang='lat' dir='ltr'><strong>simiptenum,</strong></span> <span class='ocrx_word' id='word_1_638' title='bbox 850 5465 906 5511; x_wconf 93' lang='lat' dir='ltr'><strong>ut</strong></span> <span class='ocrx_word' id='word_1_639' title='bbox 930 5458 1003 5511; x_wconf 90' lang='lat' dir='ltr'><strong>ait</strong></span> <span class='ocrx_word' id='word_1_640' title='bbox 1029 5457 1322 5513; x_wconf 90' lang='lat' dir='ltr'><strong>lldefonsns</strong></span> <span class='ocrx_word' id='word_1_641' title='bbox 1344 5458 1395 5513; x_wconf 92' lang='lat' dir='ltr'><strong>in</strong></span> <span class='ocrx_word' id='word_1_642' title='bbox 1420 5459 1642 5529; x_wconf 87' lang='lat' dir='ltr'><strong>Eugenii</strong></span> <span class='ocrx_word' id='word_1_643' title='bbox 1671 5461 1785 5515; x_wconf 87' lang='lat' dir='ltr'><strong>elo-</strong></span> 
     </span>
    </p>
   </div>
   <div class='ocr_carea' id='block_1_86' title="bbox 210 5547 1885 5622">
    <p class='ocr_par' dir='ltr' id='par_1_86' title="bbox 210 5547 1885 5622">
     <span class='ocr_line' id='line_1_86' title="bbox 210 5547 1885 5622; baseline 0.002 -18"><span class='ocrx_word' id='word_1_644' title='bbox 210 5550 321 5621; x_wconf 85' lang='lat' dir='ltr'><strong>gio,</strong></span> <span class='ocrx_word' id='word_1_645' title='bbox 347 5547 426 5603; x_wconf 87' lang='lat' dir='ltr'><strong>illi</strong></span> <span class='ocrx_word' id='word_1_646' title='bbox 455 5548 753 5604; x_wconf 84' lang='lat' dir='ltr'><strong>videbatur.</strong></span> <span class='ocrx_word' id='word_1_647' title='bbox 788 5550 993 5605; x_wconf 74' lang='lat' dir='ltr'><strong>Revera</strong></span> <span class='ocrx_word' id='word_1_648' title='bbox 1032 5551 1083 5604; x_wconf 93' lang='lat' dir='ltr'><strong>in</strong></span> <span class='ocrx_word' id='word_1_649' title='bbox 1112 5550 1378 5606; x_wconf 89' lang='lat' dir='ltr'><strong>Dracontii</strong></span> <span class='ocrx_word' id='word_1_650' title='bbox 1419 5561 1664 5622; x_wconf 91' lang='lat' dir='ltr'><strong>poemate</strong></span> <span class='ocrx_word' id='word_1_651' title='bbox 1705 5554 1789 5608; x_wconf 84' lang='lat' dir='ltr'><strong>in-</strong></span> <span class='ocrx_word' id='word_1_652' title='bbox 1878 5548 1885 5554; x_wconf 82' lang='grc'><em>’</em></span> 
     </span>
    </p>
   </div>
   <div class='ocr_carea' id='block_1_87' title="bbox 211 5639 1787 5712">
    <p class='ocr_par' dir='ltr' id='par_1_87' title="bbox 211 5639 1787 5712">
     <span class='ocr_line' id='line_1_87' title="bbox 211 5639 1787 5712; baseline 0.004 -18"><span class='ocrx_word' id='word_1_653' title='bbox 211 5649 388 5710; x_wconf 83' lang='lat' dir='ltr'><strong>tegro,</strong></span> <span class='ocrx_word' id='word_1_654' title='bbox 415 5648 477 5695; x_wconf 87' lang='lat' dir='ltr'><strong>ut</strong></span> <span class='ocrx_word' id='word_1_655' title='bbox 502 5654 532 5693; x_wconf 88' lang='lat' dir='ltr'><strong>a</strong></span> <span class='ocrx_word' id='word_1_656' title='bbox 564 5653 651 5696; x_wconf 89' lang='lat' dir='ltr'><strong>me</strong></span> <span class='ocrx_word' id='word_1_657' title='bbox 677 5639 876 5708; x_wconf 87' lang='lat' dir='ltr'><strong>editur,</strong></span> <span class='ocrx_word' id='word_1_658' title='bbox 901 5640 1042 5695; x_wconf 91' lang='lat' dir='ltr'><strong>nulla</strong></span> <span class='ocrx_word' id='word_1_659' title='bbox 1068 5644 1206 5696; x_wconf 90' lang='lat' dir='ltr'><strong>ratio</strong></span> <span class='ocrx_word' id='word_1_660' title='bbox 1233 5642 1339 5696; x_wconf 89' lang='lat' dir='ltr'><strong>dici</strong></span> <span class='ocrx_word' id='word_1_661' title='bbox 1363 5644 1572 5712; x_wconf 87' lang='lat' dir='ltr'><strong>septimi</strong></span> <span class='ocrx_word' id='word_1_662' title='bbox 1603 5645 1787 5700; x_wconf 86' lang='lat' dir='ltr'><strong>haberi</strong></span> 
     </span>
    </p>
   </div>
   <div class='ocr_carea' id='block_1_88' title="bbox 211 5732 1786 5805">
    <p class='ocr_par' dir='ltr' id='par_1_88' title="bbox 211 5732 1786 5805">
     <span class='ocr_line' id='line_1_88' title="bbox 211 5732 1786 5805; baseline 0.004 -18"><span class='ocrx_word' id='word_1_663' title='bbox 211 5732 429 5788; x_wconf 86' lang='lat' dir='ltr'><strong>debuit:</strong></span> <span class='ocrx_word' id='word_1_664' title='bbox 456 5745 580 5787; x_wconf 89' lang='lat' dir='ltr'><strong>cum</strong></span> <span class='ocrx_word' id='word_1_665' title='bbox 613 5733 756 5787; x_wconf 91' lang='lat' dir='ltr'><strong>enim</strong></span> <span class='ocrx_word' id='word_1_666' title='bbox 788 5732 1054 5787; x_wconf 89' lang='lat' dir='ltr'><strong>Dracontii</strong></span> <span class='ocrx_word' id='word_1_667' title='bbox 1088 5747 1278 5805; x_wconf 79' lang='lat' dir='ltr'><strong>scapus</strong></span> <span class='ocrx_word' id='word_1_668' title='bbox 1311 5746 1453 5791; x_wconf 89' lang='lat' dir='ltr'><strong>esset</strong></span> <span class='ocrx_word' id='word_1_669' title='bbox 1494 5737 1786 5794; x_wconf 90' lang='lat' dir='ltr'><strong>bonitatem</strong></span> 
     </span>
    </p>
   </div>
   <div class='ocr_carea' id='block_1_89' title="bbox 212 5822 1783 5897">
    <p class='ocr_par' dir='ltr' id='par_1_89' title="bbox 212 5822 1783 5897">
     <span class='ocr_line' id='line_1_89' title="bbox 212 5822 1783 5897; baseline 0.004 -18"><span class='ocrx_word' id='word_1_670' title='bbox 212 5824 306 5881; x_wconf 88' lang='lat' dir='ltr'><strong>Dei</strong></span> <span class='ocrx_word' id='word_1_671' title='bbox 328 5838 457 5896; x_wconf 85' lang='lat' dir='ltr'><strong>erga</strong></span> <span class='ocrx_word' id='word_1_672' title='bbox 474 5822 720 5879; x_wconf 84' lang='lat' dir='ltr'><strong>homines</strong></span> <span class='ocrx_word' id='word_1_673' title='bbox 739 5832 791 5880; x_wconf 92' lang='lat' dir='ltr'><strong>et</strong></span> <span class='ocrx_word' id='word_1_674' title='bbox 802 5823 1085 5895; x_wconf 86' lang='lat' dir='ltr'><strong>justitiam,</strong></span> <span class='ocrx_word' id='word_1_675' title='bbox 1103 5828 1193 5878; x_wconf 80' lang='lat' dir='ltr'><strong>sed</strong></span> <span class='ocrx_word' id='word_1_676' title='bbox 1213 5826 1501 5882; x_wconf 87' lang='lat' dir='ltr'><strong>bonitatem</strong></span> <span class='ocrx_word' id='word_1_677' title='bbox 1532 5830 1783 5897; x_wconf 72' lang='lat' dir='ltr'><strong>maxime,</strong></span> 
     </span>
    </p>
   </div>
   <div class='ocr_carea' id='block_1_90' title="bbox 1895 3358 3470 3442">
    <p class='ocr_par' dir='ltr' id='par_1_90' title="bbox 1895 3358 3470 3442">
     <span class='ocr_line' id='line_1_90' title="bbox 1895 3358 3470 3442; baseline 0.014 -31"><span class='ocrx_word' id='word_1_678' title='bbox 1895 3358 2056 3413; x_wconf 85' lang='lat' dir='ltr'><strong>etiam</strong></span> <span class='ocrx_word' id='word_1_679' title='bbox 2114 3358 2257 3415; x_wconf 84' lang='lat' dir='ltr'><strong>Petri</strong></span> <span class='ocrx_word' id='word_1_680' title='bbox 2316 3361 2559 3432; x_wconf 75' lang='lat' dir='ltr'><strong>[ligensis</strong></span> <span class='ocrx_word' id='word_1_681' title='bbox 2606 3381 2729 3421; x_wconf 89' lang='lat' dir='ltr'><strong>suas</strong></span> <span class='ocrx_word' id='word_1_682' title='bbox 2784 3367 2943 3424; x_wconf 90' lang='lat' dir='ltr'><strong>habet</strong></span> <span class='ocrx_word' id='word_1_683' title='bbox 3006 3373 3470 3442; x_wconf 85' lang='lat' dir='ltr'><strong>recapitulationcs</strong></span> 
     </span>
    </p>
   </div>
   <div class='ocr_carea' id='block_1_91' title="bbox 1897 3450 3471 3538">
    <p class='ocr_par' dir='ltr' id='par_1_91' title="bbox 1897 3450 3471 3538">
     <span class='ocr_line' id='line_1_91' title="bbox 1897 3450 3471 3538; baseline 0.014 -36"><span class='ocrx_word' id='word_1_684' title='bbox 1897 3450 2173 3520; x_wconf 77' lang='lat' dir='ltr'><strong>utriusque</strong></span> <span class='ocrx_word' id='word_1_685' title='bbox 2200 3451 2548 3519; x_wconf 85' lang='lat' dir='ltr'><strong>Testamenti,</strong></span> <span class='ocrx_word' id='word_1_686' title='bbox 2577 3471 2708 3527; x_wconf 84' lang='lat' dir='ltr'><strong>quas</strong></span> <span class='ocrx_word' id='word_1_687' title='bbox 2736 3473 2802 3513; x_wconf 85' lang='lat' dir='ltr'><strong>ex</strong></span> <span class='ocrx_word' id='word_1_688' title='bbox 2842 3475 2971 3515; x_wconf 83' lang='lat' dir='ltr'><strong>ntss.</strong></span> <span class='ocrx_word' id='word_1_689' title='bbox 3014 3462 3177 3519; x_wconf 90' lang='lat' dir='ltr'><strong>edidit</strong></span> <span class='ocrx_word' id='word_1_690' title='bbox 3210 3464 3471 3538; x_wconf 63' lang='lat' dir='ltr'><strong>Leysertts</strong></span> 
     </span>
    </p>
   </div>
   <div class='ocr_carea' id='block_1_92' title="bbox 1895 3539 3517 3618">
    <p class='ocr_par' dir='ltr' id='par_1_92' title="bbox 1895 3539 3517 3618">
     <span class='ocr_line' id='line_1_92' title="bbox 1895 3539 3517 3618; baseline 0.014 -24"><span class='ocrx_word' id='word_1_691' title='bbox 1895 3539 2085 3595; x_wconf 89' lang='lat' dir='ltr'><strong>histor.</strong></span> <span class='ocrx_word' id='word_1_692' title='bbox 2122 3542 2269 3598; x_wconf 87' lang='lat' dir='ltr'><strong>Poet.</strong></span> <span class='ocrx_word' id='word_1_693' title='bbox 2298 3546 2437 3600; x_wconf 91' lang='lat' dir='ltr'><strong>med.</strong></span> <span class='ocrx_word' id='word_1_694' title='bbox 2464 3548 2561 3600; x_wconf 64' lang='grc' dir='ltr'><strong>τενί</strong></span> <span class='ocrx_word' id='word_1_695' title='bbox 2594 3563 2711 3618; x_wconf 77' lang='lat' dir='ltr'><strong>pag.</strong></span> <span class='ocrx_word' id='word_1_696' title='bbox 2746 3550 2866 3608; x_wconf 77' lang='lat'><strong>703.</strong></span> <span class='ocrx_word' id='word_1_697' title='bbox 2898 3552 2946 3607; x_wconf 90' lang='lat' dir='ltr'><strong>Is</strong></span> <span class='ocrx_word' id='word_1_698' title='bbox 2967 3563 3048 3609; x_wconf 91' lang='lat' dir='ltr'><strong>est</strong></span> <span class='ocrx_word' id='word_1_699' title='bbox 3078 3555 3265 3613; x_wconf 86' lang='lat' dir='ltr'><strong>Petrus</strong></span> <span class='ocrx_word' id='word_1_700' title='bbox 3290 3557 3380 3614; x_wconf 91' lang='lat' dir='ltr'><strong>ille</strong></span> <span class='ocrx_word' id='word_1_701' title='bbox 3402 3559 3471 3616; x_wconf 87' lang='lat' dir='ltr'><strong>de</strong></span> <span class='ocrx_word' id='word_1_702' title='bbox 3510 3556 3517 3565; x_wconf 85' lang='grc'><em>’</em></span> 
     </span>
    </p>
   </div>
   <div class='ocr_carea' id='block_1_93' title="bbox 1897 3632 3471 3722">
    <p class='ocr_par' dir='ltr' id='par_1_93' title="bbox 1897 3632 3471 3722">
     <span class='ocr_line' id='line_1_93' title="bbox 1897 3632 3471 3722; baseline 0.015 -36"><span class='ocrx_word' id='word_1_703' title='bbox 1897 3632 2024 3701; x_wconf 67' lang='lat' dir='ltr'><strong>[liga</strong></span> <span class='ocrx_word' id='word_1_704' title='bbox 2046 3633 2113 3689; x_wconf 92' lang='lat' dir='ltr'><strong>ab</strong></span> <span class='ocrx_word' id='word_1_705' title='bbox 2138 3649 2300 3704; x_wconf 91' lang='lat' dir='ltr'><strong>opere</strong></span> <span class='ocrx_word' id='word_1_706' title='bbox 2326 3636 2645 3695; x_wconf 84' lang='lat' dir='ltr'><strong>Aurorarius</strong></span> <span class='ocrx_word' id='word_1_707' title='bbox 2663 3641 2856 3708; x_wconf 89' lang='lat' dir='ltr'><strong>dictus,</strong></span> <span class='ocrx_word' id='word_1_708' title='bbox 2891 3646 2977 3715; x_wconf 93' lang='lat' dir='ltr'><strong>qui</strong></span> <span class='ocrx_word' id='word_1_709' title='bbox 3002 3662 3190 3718; x_wconf 88' lang='lat' dir='ltr'><strong>magna</strong></span> <span class='ocrx_word' id='word_1_710' title='bbox 3220 3664 3283 3705; x_wconf 89' lang='lat' dir='ltr'><strong>ex</strong></span> <span class='ocrx_word' id='word_1_711' title='bbox 3318 3661 3471 3722; x_wconf 84' lang='lat' dir='ltr'><strong>parte</strong></span> 
     </span>
    </p>
   </div>
   <div class='ocr_carea' id='block_1_94' title="bbox 1891 3726 3465 3809">
    <p class='ocr_par' dir='ltr' id='par_1_94' title="bbox 1891 3726 3465 3809">
     <span class='ocr_line' id='line_1_94' title="bbox 1891 3726 3465 3809; baseline 0.013 -30"><span class='ocrx_word' id='word_1_712' title='bbox 1891 3726 2066 3782; x_wconf 89' lang='lat' dir='ltr'><strong>adhuc</strong></span> <span class='ocrx_word' id='word_1_713' title='bbox 2097 3727 2331 3784; x_wconf 90' lang='lat' dir='ltr'><strong>ineditus</strong></span> <span class='ocrx_word' id='word_1_714' title='bbox 2372 3740 2474 3797; x_wconf 91' lang='lat' dir='ltr'><strong>est,</strong></span> <span class='ocrx_word' id='word_1_715' title='bbox 2507 3736 2748 3801; x_wconf 88' lang='lat' dir='ltr'><strong>quamvis</strong></span> <span class='ocrx_word' id='word_1_716' title='bbox 2784 3736 2997 3806; x_wconf 90' lang='lat' dir='ltr'><strong>plenam</strong></span> <span class='ocrx_word' id='word_1_717' title='bbox 3028 3740 3145 3809; x_wconf 85' lang='lat' dir='ltr'><strong>ejus</strong></span> <span class='ocrx_word' id='word_1_718' title='bbox 3174 3741 3465 3800; x_wconf 91' lang='lat' dir='ltr'><strong>editionem</strong></span> 
     </span>
    </p>
   </div>
   <div class='ocr_carea' id='block_1_95' title="bbox 1893 3818 3468 3903">
    <p class='ocr_par' dir='ltr' id='par_1_95' title="bbox 1893 3818 3468 3903">
     <span class='ocr_line' id='line_1_95' title="bbox 1893 3818 3468 3903; baseline 0.012 -33"><span class='ocrx_word' id='word_1_719' title='bbox 1893 3818 2042 3872; x_wconf 89' lang='lat' dir='ltr'><strong>multi</strong></span> <span class='ocrx_word' id='word_1_720' title='bbox 2082 3818 2187 3873; x_wconf 90' lang='lat' dir='ltr'><strong>sint</strong></span> <span class='ocrx_word' id='word_1_721' title='bbox 2217 3820 2455 3889; x_wconf 86' lang='lat' dir='ltr'><strong>polliciti.</strong></span> <span class='ocrx_word' id='word_1_722' title='bbox 2490 3821 2673 3879; x_wconf 64' lang='lat' dir='ltr'><strong>Roma:</strong></span> <span class='ocrx_word' id='word_1_723' title='bbox 2696 3839 2753 3878; x_wconf 90' lang='lat' dir='ltr'><strong>ea</strong></span> <span class='ocrx_word' id='word_1_724' title='bbox 2778 3827 2989 3897; x_wconf 88' lang='lat' dir='ltr'><strong>egregie</strong></span> <span class='ocrx_word' id='word_1_725' title='bbox 3015 3829 3081 3884; x_wconf 89' lang='lat' dir='ltr'><strong>ad</strong></span> <span class='ocrx_word' id='word_1_726' title='bbox 3106 3830 3308 3886; x_wconf 88' lang='lat' dir='ltr'><strong>exitum</strong></span> <span class='ocrx_word' id='word_1_727' title='bbox 3341 3847 3468 3903; x_wconf 89' lang='lat' dir='ltr'><strong>per-</strong></span> 
     </span>
    </p>
   </div>
   <div class='ocr_carea' id='block_1_96' title="bbox 1892 3907 3471 3995">
    <p class='ocr_par' dir='ltr' id='par_1_96' title="bbox 1892 3907 3471 3995">
     <span class='ocr_line' id='line_1_96' title="bbox 1892 3907 3471 3995; baseline 0.013 -34"><span class='ocrx_word' id='word_1_728' title='bbox 1892 3907 2012 3962; x_wconf 92' lang='lat' dir='ltr'><strong>duci</strong></span> <span class='ocrx_word' id='word_1_729' title='bbox 2045 3919 2221 3978; x_wconf 91' lang='lat' dir='ltr'><strong>posset</strong></span> <span class='ocrx_word' id='word_1_730' title='bbox 2242 3926 2255 3972; x_wconf 88' lang='lat'><strong>;</strong></span> <span class='ocrx_word' id='word_1_731' title='bbox 2280 3921 2400 3966; x_wconf 91' lang='lat' dir='ltr'><strong>sunt</strong></span> <span class='ocrx_word' id='word_1_732' title='bbox 2421 3913 2563 3968; x_wconf 90' lang='lat' dir='ltr'><strong>enim</strong></span> <span class='ocrx_word' id='word_1_733' title='bbox 2591 3916 2742 3969; x_wconf 91' lang='lat' dir='ltr'><strong>multi</strong></span> <span class='ocrx_word' id='word_1_734' title='bbox 2770 3918 2981 3975; x_wconf 87' lang='lat' dir='ltr'><strong>codices</strong></span> <span class='ocrx_word' id='word_1_735' title='bbox 3004 3934 3132 3977; x_wconf 91' lang='lat' dir='ltr'><strong>mss.</strong></span> <span class='ocrx_word' id='word_1_736' title='bbox 3162 3921 3277 3993; x_wconf 90' lang='lat' dir='ltr'><strong>ejus</strong></span> <span class='ocrx_word' id='word_1_737' title='bbox 3292 3925 3471 3995; x_wconf 86' lang='lat' dir='ltr'><strong>operis</strong></span> 
     </span>
    </p>
   </div>
   <div class='ocr_carea' id='block_1_97' title="bbox 1893 3999 3470 4076">
    <p class='ocr_par' dir='ltr' id='par_1_97' title="bbox 1893 3999 3470 4076">
     <span class='ocr_line' id='line_1_97' title="bbox 1893 3999 3470 4076; baseline 0.013 -24"><span class='ocrx_word' id='word_1_738' title='bbox 1893 4014 1999 4053; x_wconf 88' lang='lat' dir='ltr'><strong>non</strong></span> <span class='ocrx_word' id='word_1_739' title='bbox 2031 3999 2204 4055; x_wconf 90' lang='lat' dir='ltr'><strong>solum</strong></span> <span class='ocrx_word' id='word_1_740' title='bbox 2237 4002 2285 4055; x_wconf 91' lang='lat' dir='ltr'><strong>in</strong></span> <span class='ocrx_word' id='word_1_741' title='bbox 2310 4002 2630 4060; x_wconf 88' lang='lat' dir='ltr'><strong>bibliotheca</strong></span> <span class='ocrx_word' id='word_1_742' title='bbox 2662 4006 2935 4076; x_wconf 89' lang='lat' dir='ltr'><strong>Vaticana,</strong></span> <span class='ocrx_word' id='word_1_743' title='bbox 2976 4012 3069 4066; x_wconf 89' lang='lat' dir='ltr'><strong>sed</strong></span> <span class='ocrx_word' id='word_1_744' title='bbox 3101 4014 3260 4068; x_wconf 88' lang='lat' dir='ltr'><strong>etiam</strong></span> <span class='ocrx_word' id='word_1_745' title='bbox 3307 4014 3359 4070; x_wconf 90' lang='lat' dir='ltr'><strong>in</strong></span> <span class='ocrx_word' id='word_1_746' title='bbox 3393 4025 3470 4071; x_wconf 78' lang='lat' dir='ltr'><strong>ta-</strong></span> 
     </span>
    </p>
   </div>
   <div class='ocr_carea' id='block_1_98' title="bbox 1892 4089 3471 4174">
    <p class='ocr_par' dir='ltr' id='par_1_98' title="bbox 1892 4089 3471 4174">
     <span class='ocr_line' id='line_1_98' title="bbox 1892 4089 3471 4174; baseline 0.013 -32"><span class='ocrx_word' id='word_1_747' title='bbox 1892 4089 2105 4144; x_wconf 89' lang='lat' dir='ltr'><strong>bulario</strong></span> <span class='ocrx_word' id='word_1_748' title='bbox 2137 4091 2369 4148; x_wconf 85' lang='lat' dir='ltr'><strong>basilicae</strong></span> <span class='ocrx_word' id='word_1_749' title='bbox 2398 4093 2663 4150; x_wconf 75' lang='lat' dir='ltr'><strong>Vaticana:</strong></span> <span class='ocrx_word' id='word_1_750' title='bbox 2694 4096 2749 4152; x_wconf 92' lang='lat' dir='ltr'><strong>S.</strong></span> <span class='ocrx_word' id='word_1_751' title='bbox 2781 4098 2949 4154; x_wconf 83' lang='lat' dir='ltr'><strong>Petri.</strong></span> <span class='ocrx_word' id='word_1_752' title='bbox 2979 4101 3034 4156; x_wconf 92' lang='lat' dir='ltr'><strong>in</strong></span> <span class='ocrx_word' id='word_1_753' title='bbox 3061 4102 3286 4174; x_wconf 89' lang='lat' dir='ltr'><strong>aliisque</strong></span> <span class='ocrx_word' id='word_1_754' title='bbox 3318 4103 3471 4163; x_wconf 88' lang='lat' dir='ltr'><strong>Urbis</strong></span> 
     </span>
    </p>
   </div>
   <div class='ocr_carea' id='block_1_99' title="bbox 1892 4174 3472 4268">
    <p class='ocr_par' dir='ltr' id='par_1_99' title="bbox 1892 4174 3472 4268">
     <span class='ocr_line' id='line_1_99' title="bbox 1892 4174 3472 4268; baseline 0.012 -32"><span class='ocrx_word' id='word_1_755' title='bbox 1892 4182 2255 4239; x_wconf 90' lang='lat' dir='ltr'><strong>bibliothecis.</strong></span> <span class='ocrx_word' id='word_1_756' title='bbox 2288 4186 2365 4241; x_wconf 83' lang='lat' dir='ltr'><strong>Ad</strong></span> <span class='ocrx_word' id='word_1_757' title='bbox 2406 4201 2552 4244; x_wconf 91' lang='lat' dir='ltr'><strong>meas</strong></span> <span class='ocrx_word' id='word_1_758' title='bbox 2587 4174 2797 4256; x_wconf 76' lang='lat' dir='ltr'><strong>manus,</strong></span> <span class='ocrx_word' id='word_1_759' title='bbox 2829 4192 2953 4248; x_wconf 91' lang='lat' dir='ltr'><strong>dum</strong></span> <span class='ocrx_word' id='word_1_760' title='bbox 2984 4195 3128 4251; x_wconf 90' lang='lat' dir='ltr'><strong>aliud</strong></span> <span class='ocrx_word' id='word_1_761' title='bbox 3155 4213 3357 4268; x_wconf 71' lang='lat' dir='ltr'><strong>quatro,</strong></span> <span class='ocrx_word' id='word_1_762' title='bbox 3393 4216 3472 4256; x_wconf 86' lang='lat' dir='ltr'><strong>ve-</strong></span> 
     </span>
    </p>
   </div>
   <div class='ocr_carea' id='block_1_100' title="bbox 1893 4274 3473 4355">
    <p class='ocr_par' dir='ltr' id='par_1_100' title="bbox 1893 4274 3473 4355">
     <span class='ocr_line' id='line_1_100' title="bbox 1893 4274 3473 4355; baseline 0.012 -28"><span class='ocrx_word' id='word_1_763' title='bbox 1893 4274 1972 4328; x_wconf 89' lang='lat' dir='ltr'><strong>nit</strong></span> <span class='ocrx_word' id='word_1_764' title='bbox 1997 4276 2166 4330; x_wconf 89' lang='lat' dir='ltr'><strong>codex</strong></span> <span class='ocrx_word' id='word_1_765' title='bbox 2199 4276 2536 4334; x_wconf 70' lang='lat' dir='ltr'><strong>bibliotbeca:</strong></span> <span class='ocrx_word' id='word_1_766' title='bbox 2566 4280 2857 4349; x_wconf 69' lang='lat' dir='ltr'><strong>Vaticanre,</strong></span> <span class='ocrx_word' id='word_1_767' title='bbox 2888 4300 3045 4355; x_wconf 90' lang='lat' dir='ltr'><strong>quem</strong></span> <span class='ocrx_word' id='word_1_768' title='bbox 3072 4288 3241 4343; x_wconf 91' lang='lat' dir='ltr'><strong>multo</strong></span> <span class='ocrx_word' id='word_1_769' title='bbox 3267 4290 3473 4346; x_wconf 84' lang='lat' dir='ltr'><strong>auctio-</strong></span> 
     </span>
    </p>
   </div>
   <div class='ocr_carea' id='block_1_101' title="bbox 1891 4368 3469 4451">
    <p class='ocr_par' dir='ltr' id='par_1_101' title="bbox 1891 4368 3469 4451">
     <span class='ocr_line' id='line_1_101' title="bbox 1891 4368 3469 4451; baseline 0.013 -31"><span class='ocrx_word' id='word_1_770' title='bbox 1891 4382 2004 4421; x_wconf 91' lang='lat' dir='ltr'><strong>rem</strong></span> <span class='ocrx_word' id='word_1_771' title='bbox 2031 4368 2357 4438; x_wconf 88' lang='lat' dir='ltr'><strong>deprehendi</strong></span> <span class='ocrx_word' id='word_1_772' title='bbox 2386 4387 2541 4440; x_wconf 90' lang='lat' dir='ltr'><strong>quam</strong></span> <span class='ocrx_word' id='word_1_773' title='bbox 2565 4373 2672 4429; x_wconf 90' lang='lat' dir='ltr'><strong>sint</strong></span> <span class='ocrx_word' id='word_1_774' title='bbox 2691 4375 2903 4451; x_wconf 83' lang='lat' dir='ltr'><strong>codices</strong></span> <span class='ocrx_word' id='word_1_775' title='bbox 2924 4392 2952 4432; x_wconf 91' lang='lat' dir='ltr'><strong>a</strong></span> <span class='ocrx_word' id='word_1_776' title='bbox 2982 4378 3224 4435; x_wconf 74' lang='lat' dir='ltr'><strong>Fabricio</strong></span> <span class='ocrx_word' id='word_1_777' title='bbox 3246 4381 3297 4436; x_wconf 90' lang='lat' dir='ltr'><strong>in</strong></span> <span class='ocrx_word' id='word_1_778' title='bbox 3326 4383 3469 4440; x_wconf 88' lang='lat' dir='ltr'><strong>Bibl.</strong></span> 
     </span>
    </p>
   </div>
   <div class='ocr_carea' id='block_1_102' title="bbox 1891 4459 3471 4544">
    <p class='ocr_par' dir='ltr' id='par_1_102' title="bbox 1891 4459 3471 4544">
     <span class='ocr_line' id='line_1_102' title="bbox 1891 4459 3471 4544; baseline 0.012 -32"><span class='ocrx_word' id='word_1_779' title='bbox 1891 4459 2008 4513; x_wconf 88' lang='lat' dir='ltr'><strong>Lat.</strong></span> <span class='ocrx_word' id='word_1_780' title='bbox 2040 4461 2180 4515; x_wconf 89' lang='lat' dir='ltr'><strong>med.</strong></span> <span class='ocrx_word' id='word_1_781' title='bbox 2210 4470 2264 4517; x_wconf 92' lang='lat' dir='ltr'><strong>et</strong></span> <span class='ocrx_word' id='word_1_782' title='bbox 2299 4462 2394 4517; x_wconf 91' lang='lat' dir='ltr'><strong>inf.</strong></span> <span class='ocrx_word' id='word_1_783' title='bbox 2426 4465 2530 4520; x_wconf 86' lang='lat' dir='ltr'><strong>aevi</strong></span> <span class='ocrx_word' id='word_1_784' title='bbox 2567 4466 2787 4523; x_wconf 87' lang='lat' dir='ltr'><strong>laudati.</strong></span> <span class='ocrx_word' id='word_1_785' title='bbox 2819 4468 2896 4523; x_wconf 85' lang='lat' dir='ltr'><strong>Ex</strong></span> <span class='ocrx_word' id='word_1_786' title='bbox 2937 4484 3001 4524; x_wconf 93' lang='lat' dir='ltr'><strong>eo</strong></span> <span class='ocrx_word' id='word_1_787' title='bbox 3037 4469 3179 4527; x_wconf 88' lang='lat' dir='ltr'><strong>clare</strong></span> <span class='ocrx_word' id='word_1_788' title='bbox 3208 4473 3471 4544; x_wconf 90' lang='lat' dir='ltr'><strong>colligitur</strong></span> 
     </span>
    </p>
   </div>
   <div class='ocr_carea' id='block_1_103' title="bbox 1890 4553 3466 4635">
    <p class='ocr_par' dir='ltr' id='par_1_103' title="bbox 1890 4553 3466 4635">
     <span class='ocr_line' id='line_1_103' title="bbox 1890 4553 3466 4635; baseline 0.011 -32"><span class='ocrx_word' id='word_1_789' title='bbox 1890 4553 2126 4607; x_wconf 86' lang='lat' dir='ltr'><strong>carmina</strong></span> <span class='ocrx_word' id='word_1_790' title='bbox 2161 4554 2212 4608; x_wconf 92' lang='lat' dir='ltr'><strong>in</strong></span> <span class='ocrx_word' id='word_1_791' title='bbox 2243 4553 2448 4609; x_wconf 86' lang='lat' dir='ltr'><strong>Novum</strong></span> <span class='ocrx_word' id='word_1_792' title='bbox 2480 4555 2881 4614; x_wconf 86' lang='lat' dir='ltr'><strong>Testamentum</strong></span> <span class='ocrx_word' id='word_1_793' title='bbox 2904 4559 3144 4630; x_wconf 86' lang='lat' dir='ltr'><strong>ejusdem</strong></span> <span class='ocrx_word' id='word_1_794' title='bbox 3171 4560 3312 4618; x_wconf 89' lang='lat' dir='ltr'><strong>Petri</strong></span> <span class='ocrx_word' id='word_1_795' title='bbox 3331 4578 3466 4635; x_wconf 91' lang='lat' dir='ltr'><strong>opus</strong></span> 
     </span>
    </p>
   </div>
   <div class='ocr_carea' id='block_1_104' title="bbox 1814 4635 3141 4716">
    <p class='ocr_par' dir='ltr' id='par_1_104' title="bbox 1814 4635 3141 4716">
     <span class='ocr_line' id='line_1_104' title="bbox 1814 4635 3141 4716; baseline 0.006 -17"><span class='ocrx_word' id='word_1_796' title='bbox 1814 4635 1869 4699; x_wconf 82' lang='grc' dir='ltr'><strong>Ι)</strong></span> <span class='ocrx_word' id='word_1_797' title='bbox 1893 4659 2036 4711; x_wconf 79' lang='lat' dir='ltr'><strong>esse,</strong></span> <span class='ocrx_word' id='word_1_798' title='bbox 2063 4646 2204 4716; x_wconf 90' lang='lat' dir='ltr'><strong>quod</strong></span> <span class='ocrx_word' id='word_1_799' title='bbox 2227 4648 2377 4703; x_wconf 90' lang='lat' dir='ltr'><strong>multi</strong></span> <span class='ocrx_word' id='word_1_800' title='bbox 2408 4649 2459 4704; x_wconf 94' lang='lat' dir='ltr'><strong>in</strong></span> <span class='ocrx_word' id='word_1_801' title='bbox 2488 4649 2709 4707; x_wconf 91' lang='lat' dir='ltr'><strong>dubium</strong></span> <span class='ocrx_word' id='word_1_802' title='bbox 2740 4662 3141 4709; x_wconf 87' lang='lat' dir='ltr'><strong>revocaverant.</strong></span> 
     </span>
    </p>
   </div>
   <div class='ocr_carea' id='block_1_105' title="bbox 1873 4737 3472 4820">
    <p class='ocr_par' dir='ltr' id='par_1_105' title="bbox 1873 4737 3472 4820">
     <span class='ocr_line' id='line_1_105' title="bbox 1873 4737 3472 4820; baseline 0.01 -32"><span class='ocrx_word' id='word_1_803' title='bbox 1873 4747 1883 4797; x_wconf 73' lang='grc' dir='ltr'>ί</span> <span class='ocrx_word' id='word_1_804' title='bbox 1962 4737 2052 4791; x_wconf 76' lang='grc'><strong>21.</strong></span> <span class='ocrx_word' id='word_1_805' title='bbox 2098 4737 2261 4808; x_wconf 82' lang='lat' dir='ltr'><strong>Igitur</strong></span> <span class='ocrx_word' id='word_1_806' title='bbox 2298 4742 2793 4811; x_wconf 86' lang='lat' dir='ltr'><strong>recapitulationem</strong></span> <span class='ocrx_word' id='word_1_807' title='bbox 2834 4745 3058 4816; x_wconf 85' lang='lat' dir='ltr'><strong>Eugenii</strong></span> <span class='ocrx_word' id='word_1_808' title='bbox 3093 4760 3213 4803; x_wconf 90' lang='lat' dir='ltr'><strong>cum</strong></span> <span class='ocrx_word' id='word_1_809' title='bbox 3255 4747 3472 4820; x_wconf 87' lang='lat' dir='ltr'><strong>supple-</strong></span> 
     </span>
    </p>
   </div>
   <div class='ocr_carea' id='block_1_106' title="bbox 1893 4829 3470 4925">
    <p class='ocr_par' dir='ltr' id='par_1_106' title="bbox 1893 4829 3470 4925">
     <span class='ocr_line' id='line_1_106' title="bbox 1893 4829 3470 4925; baseline 0.01 -45"><span class='ocrx_word' id='word_1_810' title='bbox 1893 4835 2074 4882; x_wconf 86' lang='lat' dir='ltr'><strong>mento</strong></span> <span class='ocrx_word' id='word_1_811' title='bbox 2102 4829 2170 4883; x_wconf 89' lang='lat' dir='ltr'><strong>ad</strong></span> <span class='ocrx_word' id='word_1_812' title='bbox 2210 4830 2553 4925; x_wconf 70' lang='lat' dir='ltr'><strong>Dracontium</strong></span> <span class='ocrx_word' id='word_1_813' title='bbox 2584 4850 2729 4893; x_wconf 88' lang='lat' dir='ltr'><strong>nunc</strong></span> <span class='ocrx_word' id='word_1_814' title='bbox 2756 4836 3037 4908; x_wconf 87' lang='lat' dir='ltr'><strong>adjiciam;</strong></span> <span class='ocrx_word' id='word_1_815' title='bbox 3068 4838 3287 4896; x_wconf 89' lang='lat' dir='ltr'><strong>decrevi</strong></span> <span class='ocrx_word' id='word_1_816' title='bbox 3325 4841 3470 4896; x_wconf 92' lang='lat' dir='ltr'><strong>enim</strong></span> 
     </span>
    </p>
   </div>
   <div class='ocr_carea' id='block_1_107' title="bbox 1892 4922 3472 5001">
    <p class='ocr_par' dir='ltr' id='par_1_107' title="bbox 1892 4922 3472 5001">
     <span class='ocr_line' id='line_1_107' title="bbox 1892 4922 3472 5001; baseline 0.008 -27"><span class='ocrx_word' id='word_1_817' title='bbox 1892 4922 2068 4976; x_wconf 90' lang='lat' dir='ltr'><strong>omnia</strong></span> <span class='ocrx_word' id='word_1_818' title='bbox 2114 4922 2339 4989; x_wconf 47' lang='lat' dir='ltr'><strong>qute‘de</strong></span> <span class='ocrx_word' id='word_1_819' title='bbox 2372 4924 2663 4983; x_wconf 88' lang='lat' dir='ltr'><strong>Dracontio</strong></span> <span class='ocrx_word' id='word_1_820' title='bbox 2707 4929 2980 5001; x_wconf 89' lang='lat' dir='ltr'><strong>Eugenius</strong></span> <span class='ocrx_word' id='word_1_821' title='bbox 3021 4930 3260 5001; x_wconf 89' lang='lat' dir='ltr'><strong>scripsit,</strong></span> <span class='ocrx_word' id='word_1_822' title='bbox 3291 4931 3345 4986; x_wconf 91' lang='lat' dir='ltr'><strong>in</strong></span> <span class='ocrx_word' id='word_1_823' title='bbox 3390 4931 3472 4987; x_wconf 83' lang='lat' dir='ltr'><strong>his</strong></span> 
     </span>
    </p>
   </div>
   <div class='ocr_carea' id='block_1_108' title="bbox 1894 5014 3472 5089">
    <p class='ocr_par' dir='ltr' id='par_1_108' title="bbox 1894 5014 3472 5089">
     <span class='ocr_line' id='line_1_108' title="bbox 1894 5014 3472 5089; baseline 0.008 -22"><span class='ocrx_word' id='word_1_824' title='bbox 1894 5014 2288 5085; x_wconf 87' lang='lat' dir='ltr'><strong>prolegomcnis</strong></span> <span class='ocrx_word' id='word_1_825' title='bbox 2341 5018 2657 5089; x_wconf 86' lang='lat' dir='ltr'><strong>producere,</strong></span> <span class='ocrx_word' id='word_1_826' title='bbox 2703 5031 2758 5076; x_wconf 92' lang='lat' dir='ltr'><strong>et</strong></span> <span class='ocrx_word' id='word_1_827' title='bbox 2798 5021 2882 5077; x_wconf 89' lang='lat' dir='ltr'><strong>bis</strong></span> <span class='ocrx_word' id='word_1_828' title='bbox 2916 5022 3071 5078; x_wconf 85' lang='lat' dir='ltr'><strong>locus</strong></span> <span class='ocrx_word' id='word_1_829' title='bbox 3112 5037 3218 5080; x_wconf 92' lang='lat' dir='ltr'><strong>non</strong></span> <span class='ocrx_word' id='word_1_830' title='bbox 3262 5022 3472 5080; x_wconf 89' lang='lat' dir='ltr'><strong>videtur</strong></span> 
     </span>
    </p>
   </div>
   <div class='ocr_carea' id='block_1_109' title="bbox 1894 5104 3471 5180">
    <p class='ocr_par' dir='ltr' id='par_1_109' title="bbox 1894 5104 3471 5180">
     <span class='ocr_line' id='line_1_109' title="bbox 1894 5104 3471 5180; baseline 0.008 -24"><span class='ocrx_word' id='word_1_831' title='bbox 1894 5116 2013 5157; x_wconf 89' lang='lat' dir='ltr'><strong>esse</strong></span> <span class='ocrx_word' id='word_1_832' title='bbox 2037 5104 2263 5173; x_wconf 89' lang='lat' dir='ltr'><strong>alienus,</strong></span> <span class='ocrx_word' id='word_1_833' title='bbox 2282 5104 2343 5160; x_wconf 88' lang='lat' dir='ltr'><strong>ac</strong></span> <span class='ocrx_word' id='word_1_834' title='bbox 2366 5105 2591 5163; x_wconf 89' lang='lat' dir='ltr'><strong>fortasse</strong></span> <span class='ocrx_word' id='word_1_835' title='bbox 2607 5107 2743 5164; x_wconf 86' lang='lat' dir='ltr'><strong>alius</strong></span> <span class='ocrx_word' id='word_1_836' title='bbox 2770 5112 3120 5180; x_wconf 91' lang='lat' dir='ltr'><strong>opportunior</strong></span> <span class='ocrx_word' id='word_1_837' title='bbox 3144 5128 3250 5169; x_wconf 92' lang='lat' dir='ltr'><strong>non</strong></span> <span class='ocrx_word' id='word_1_838' title='bbox 3278 5128 3471 5169; x_wconf 60' lang='lat' dir='ltr'><strong>occur.</strong></span> 
     </span>
    </p>
   </div>
   <div class='ocr_carea' id='block_1_110' title="bbox 1899 5198 3473 5277">
    <p class='ocr_par' dir='ltr' id='par_1_110' title="bbox 1899 5198 3473 5277">
     <span class='ocr_line' id='line_1_110' title="bbox 1899 5198 3473 5277; baseline 0.008 -26"><span class='ocrx_word' id='word_1_839' title='bbox 1899 5206 2001 5253; x_wconf 90' lang='lat' dir='ltr'><strong>ret.</strong></span> <span class='ocrx_word' id='word_1_840' title='bbox 2031 5198 2162 5255; x_wconf 87' lang='lat' dir='ltr'><strong>Nam</strong></span> <span class='ocrx_word' id='word_1_841' title='bbox 2203 5202 2433 5257; x_wconf 72' lang='lat' dir='ltr'><strong>diversa:</strong></span> <span class='ocrx_word' id='word_1_842' title='bbox 2470 5202 2728 5260; x_wconf 88' lang='lat' dir='ltr'><strong>lectiones</strong></span> <span class='ocrx_word' id='word_1_843' title='bbox 2767 5220 2888 5276; x_wconf 76' lang='lat' dir='ltr'><strong>qua:</strong></span> <span class='ocrx_word' id='word_1_844' title='bbox 2918 5204 2969 5260; x_wconf 94' lang='lat' dir='ltr'><strong>in</strong></span> <span class='ocrx_word' id='word_1_845' title='bbox 3011 5220 3174 5277; x_wconf 89' lang='lat' dir='ltr'><strong>opere</strong></span> <span class='ocrx_word' id='word_1_846' title='bbox 3202 5208 3473 5264; x_wconf 88' lang='lat' dir='ltr'><strong>Dracontii</strong></span> 
     </span>
    </p>
   </div>
   <div class='ocr_carea' id='block_1_111' title="bbox 1899 5290 3473 5364">
    <p class='ocr_par' dir='ltr' id='par_1_111' title="bbox 1899 5290 3473 5364">
     <span class='ocr_line' id='line_1_111' title="bbox 1899 5290 3473 5364; baseline 0.008 -19"><span class='ocrx_word' id='word_1_847' title='bbox 1899 5290 1967 5346; x_wconf 90' lang='lat' dir='ltr'><strong>ab</strong></span> <span class='ocrx_word' id='word_1_848' title='bbox 2009 5291 2246 5363; x_wconf 87' lang='lat' dir='ltr'><strong>Eugenio</strong></span> <span class='ocrx_word' id='word_1_849' title='bbox 2275 5294 2584 5364; x_wconf 90' lang='lat' dir='ltr'><strong>emendato,</strong></span> <span class='ocrx_word' id='word_1_850' title='bbox 2632 5307 2686 5351; x_wconf 91' lang='lat' dir='ltr'><strong>et</strong></span> <span class='ocrx_word' id='word_1_851' title='bbox 2734 5298 2788 5353; x_wconf 91' lang='lat' dir='ltr'><strong>in</strong></span> <span class='ocrx_word' id='word_1_852' title='bbox 2835 5298 3169 5357; x_wconf 20' lang='lat' dir='ltr'><strong>membranis.</strong></span> <span class='ocrx_word' id='word_1_853' title='bbox 3205 5301 3473 5358; x_wconf 81' lang='lat' dir='ltr'><strong>Vaticanis</strong></span> 
     </span>
    </p>
   </div>
   <div class='ocr_carea' id='block_1_112' title="bbox 1895 5381 3468 5461">
    <p class='ocr_par' dir='ltr' id='par_1_112' title="bbox 1895 5381 3468 5461">
     <span class='ocr_line' id='line_1_112' title="bbox 1895 5381 3468 5461; baseline 0.009 -25"><span class='ocrx_word' id='word_1_854' title='bbox 1895 5381 2268 5453; x_wconf 81' lang='lat' dir='ltr'><strong>observantur,</strong></span> <span class='ocrx_word' id='word_1_855' title='bbox 2303 5387 2499 5443; x_wconf 85' lang='lat' dir='ltr'><strong>melius</strong></span> <span class='ocrx_word' id='word_1_856' title='bbox 2542 5389 2642 5443; x_wconf 91' lang='lat' dir='ltr'><strong>sub</strong></span> <span class='ocrx_word' id='word_1_857' title='bbox 2683 5388 2811 5459; x_wconf 88' lang='lat' dir='ltr'><strong>ipsis</strong></span> <span class='ocrx_word' id='word_1_858' title='bbox 2842 5390 3085 5446; x_wconf 88' lang='lat' dir='ltr'><strong>versibus</strong></span> <span class='ocrx_word' id='word_1_859' title='bbox 3113 5392 3468 5461; x_wconf 88' lang='lat' dir='ltr'><strong>proferentur.</strong></span> 
     </span>
    </p>
   </div>
   <div class='ocr_carea' id='block_1_113' title="bbox 2020 5474 3239 5545">
    <p class='ocr_par' dir='ltr' id='par_1_113' title="bbox 2020 5474 3239 5545">
     <span class='ocr_line' id='line_1_113' title="bbox 2020 5474 3239 5545; baseline 0.008 -23"><span class='ocrx_word' id='word_1_860' title='bbox 2020 5474 2214 5545; x_wconf 53' lang='lat' dir='ltr'><strong>[ft-imus</strong></span> <span class='ocrx_word' id='word_1_861' title='bbox 2239 5478 2290 5545; x_wconf 86' lang='lat' dir='ltr'><strong>_in</strong></span> <span class='ocrx_word' id='word_1_862' title='bbox 2317 5477 2569 5545; x_wconf 73' lang='lat' dir='ltr'><strong>orbedies</strong></span> <span class='ocrx_word' id='word_1_863' title='bbox 2590 5479 2994 5545; x_wconf 75' lang='lat' dir='ltr'><strong>lucisprimordia</strong></span> <span class='ocrx_word' id='word_1_864' title='bbox 3014 5484 3239 5545; x_wconf 84' lang='lat' dir='ltr'><strong>sumpsit,</strong></span> 
     </span>
    </p>
   </div>
   <div class='ocr_carea' id='block_1_114' title="bbox 2020 5536 3140 5604">
    <p class='ocr_par' dir='ltr' id='par_1_114' title="bbox 2020 5536 3140 5604">
     <span class='ocr_line' id='line_1_114' title="bbox 2020 5536 3140 5604; baseline 0.01 -23"><span class='ocrx_word' id='word_1_865' title='bbox 2020 5536 2157 5604; x_wconf 31' lang='lat' dir='ltr'><strong>alter</strong></span> <span class='ocrx_word' id='word_1_866' title='bbox 2180 5537 2482 5604; x_wconf 79' lang='lat' dir='ltr'><strong>splenditluis</strong></span> <span class='ocrx_word' id='word_1_867' title='bbox 2514 5540 2689 5589; x_wconf 69' lang='lat' dir='ltr'><strong>cretum</strong></span> <span class='ocrx_word' id='word_1_868' title='bbox 2714 5536 2918 5591; x_wconf 76' lang='lat' dir='ltr'><strong>firmavit</strong></span> <span class='ocrx_word' id='word_1_869' title='bbox 2942 5544 2991 5590; x_wconf 87' lang='lat' dir='ltr'><strong>in</strong></span> <span class='ocrx_word' id='word_1_870' title='bbox 3014 5536 3140 5604; x_wconf 60' lang='lat' dir='ltr'><strong>orisi</strong></span> 
     </span>
    </p>
   </div>
   <div class='ocr_carea' id='block_1_115' title="bbox 2019 5598 3381 5665">
    <p class='ocr_par' dir='ltr' id='par_1_115' title="bbox 2019 5598 3381 5665">
     <span class='ocr_line' id='line_1_115' title="bbox 2019 5598 3381 5665; baseline 0.009 -20"><span class='ocrx_word' id='word_1_871' title='bbox 2019 5598 2217 5665; x_wconf 66' lang='lat' dir='ltr'><strong>Tertius</strong></span> <span class='ocrx_word' id='word_1_872' title='bbox 2242 5601 2798 5665; x_wconf 17' lang='lat' dir='ltr'><strong>undivagummare‘dat</strong></span> <span class='ocrx_word' id='word_1_873' title='bbox 2831 5616 2940 5653; x_wconf 89' lang='lat' dir='ltr'><strong>cum</strong></span> <span class='ocrx_word' id='word_1_874' title='bbox 2969 5598 3195 5665; x_wconf 74' lang='lat' dir='ltr'><strong>genuine</strong></span> <span class='ocrx_word' id='word_1_875' title='bbox 3218 5613 3381 5665; x_wconf 72' lang='lat' dir='ltr'><strong>terrae,</strong></span> 
     </span>
    </p>
   </div>
   <div class='ocr_carea' id='block_1_116' title="bbox 2020 5662 3407 5730">
    <p class='ocr_par' dir='ltr' id='par_1_116' title="bbox 2020 5662 3407 5730">
     <span class='ocr_line' id='line_1_116' title="bbox 2020 5662 3407 5730; baseline 0.01 -26"><span class='ocrx_word' id='word_1_876' title='bbox 2020 5662 2228 5730; x_wconf 63' lang='lat' dir='ltr'><strong>Quartus</strong></span> <span class='ocrx_word' id='word_1_877' title='bbox 2252 5662 2398 5730; x_wconf 70' lang='lat' dir='ltr'><strong>habet</strong></span> <span class='ocrx_word' id='word_1_878' title='bbox 2422 5662 2679 5730; x_wconf 65' lang='lat' dir='ltr'><strong>Phoebum,</strong></span> <span class='ocrx_word' id='word_1_879' title='bbox 2705 5662 2983 5730; x_wconf 72' lang='lat' dir='ltr'><strong>lunamque,</strong></span> <span class='ocrx_word' id='word_1_880' title='bbox 3006 5671 3058 5715; x_wconf 87' lang='lat' dir='ltr'><strong>et</strong></span> <span class='ocrx_word' id='word_1_881' title='bbox 3076 5667 3240 5717; x_wconf 88' lang='lat' dir='ltr'><strong>sidera</strong></span> <span class='ocrx_word' id='word_1_882' title='bbox 3270 5662 3407 5730; x_wconf 80' lang='lat' dir='ltr'><strong>cteli;</strong></span> 
     </span>
    </p>
   </div>
   <div class='ocr_carea' id='block_1_117' title="bbox 2021 5722 3356 5789">
    <p class='ocr_par' dir='ltr' id='par_1_117' title="bbox 2021 5722 3356 5789">
     <span class='ocr_line' id='line_1_117' title="bbox 2021 5722 3356 5789; baseline 0.007 -22"><span class='ocrx_word' id='word_1_883' title='bbox 2021 5722 2227 5789; x_wconf 69' lang='lat' dir='ltr'><strong>Quintus</strong></span> <span class='ocrx_word' id='word_1_884' title='bbox 2248 5722 2545 5789; x_wconf 80' lang='lat' dir='ltr'><strong>plumigeras</strong></span> <span class='ocrx_word' id='word_1_885' title='bbox 2566 5722 2805 5783; x_wconf 82' lang='lat' dir='ltr'><strong>volucres,</strong></span> <span class='ocrx_word' id='word_1_886' title='bbox 2826 5722 3086 5789; x_wconf 68' lang='lat' dir='ltr'><strong>piéceSque</strong></span> <span class='ocrx_word' id='word_1_887' title='bbox 3106 5733 3356 5787; x_wconf 86' lang='lat' dir='ltr'><strong>natantes;</strong></span> 
     </span>
    </p>
   </div>
   <div class='ocr_carea' id='block_1_118' title="bbox 2021 5784 3430 5851">
    <p class='ocr_par' dir='ltr' id='par_1_118' title="bbox 2021 5784 3430 5851">
     <span class='ocr_line' id='line_1_118' title="bbox 2021 5784 3430 5851; baseline 0.006 -21"><span class='ocrx_word' id='word_1_888' title='bbox 2021 5784 2202 5851; x_wconf 50' lang='lat' dir='ltr'><strong>ﬁextus</strong></span> <span class='ocrx_word' id='word_1_889' title='bbox 2224 5784 2582 5851; x_wconf 60' lang='lat' dir='ltr'><strong>quadrupedes,</strong></span> <span class='ocrx_word' id='word_1_890' title='bbox 2607 5784 2838 5851; x_wconf 73' lang='lat' dir='ltr'><strong>reptans,</strong></span> <span class='ocrx_word' id='word_1_891' title='bbox 2850 5784 3180 5851; x_wconf 81' lang='lat' dir='ltr'><strong>hominesque</strong></span> <span class='ocrx_word' id='word_1_892' title='bbox 3202 5784 3430 5849; x_wconf 79' lang='lat' dir='ltr'><strong>sagaces;</strong></span> 
     </span>
    </p>
   </div>
   <div class='ocr_carea' id='block_1_119' title="bbox 2025 5844 3295 5911">
    <p class='ocr_par' dir='ltr' id='par_1_119' title="bbox 2025 5844 3295 5911">
     <span class='ocr_line' id='line_1_119' title="bbox 2025 5844 3295 5911; baseline 0 -15"><span class='ocrx_word' id='word_1_893' title='bbox 2025 5844 2274 5907; x_wconf 87' lang='lat' dir='ltr'><strong>Septimus</strong></span> <span class='ocrx_word' id='word_1_894' title='bbox 2298 5851 2374 5896; x_wconf 89' lang='lat' dir='ltr'><strong>est</strong></span> <span class='ocrx_word' id='word_1_895' title='bbox 2398 5844 2603 5907; x_wconf 86' lang='lat' dir='ltr'><strong>Domino</strong></span> <span class='ocrx_word' id='word_1_896' title='bbox 2624 5844 2828 5908; x_wconf 72' lang='lat' dir='ltr'><strong>requies</strong></span> <span class='ocrx_word' id='word_1_897' title='bbox 2847 5850 2928 5904; x_wconf 84' lang='lat' dir='ltr'><strong>his</strong></span> <span class='ocrx_word' id='word_1_898' title='bbox 2951 5850 3048 5905; x_wconf 79' lang='lat' dir='ltr'><strong>rite</strong></span> <span class='ocrx_word' id='word_1_899' title='bbox 3072 5844 3295 5911; x_wconf 67' lang='lat' dir='ltr'><strong>peractis.</strong></span> 
     </span>
    </p>
   </div>
  </div>
