3994 6290
509 420 596 479 Ill

540 534 545 541 '
625 533 858 597 Nonquia
886 533 1224 597 Cunctipotens
1246 530 1453 580 humano
1474 541 1609 597 more
1629 529 1824 597 laboret

624 592 840 657 Actibus,
857 603 940 645 aut
958 592 1115 643 fessus
1136 600 1321 657 quaret
1348 592 1668 657 requiescere
1691 592 1906 657 tandem,

623 658 713 719 Qui
736 652 931 719 semper
961 652 1214 719 requietus
1236 654 1354 719 agit,
1380 652 1669 719 faciensun
1679 652 1913 719 quiescit.

620 712 718 780 Sed
741 712 867 780 quod
885 712 1021 780 sacra
1037 712 1182 780 quies
1203 712 1373 780 typicis
1390 712 1623 780 adoperta
1643 712 1811 780 llg'uris

536 798 557 815 ιη
625 775 773 830 Multa
794 786 937 838 gerat
956 775 1110 838 signis
1133 783 1184 825 et
1206 775 1383 838 pandat
1403 776 1596 838 mystica
1618 776 1769 838 nobis.

626 842 762 891 Dicta
784 834 873 889 Dei
897 834 1113 900 reqo'ies,
1139 834 1266 900 quod
1299 834 1578 900 rebus—iure
1598 834 1832 900 creandis

674 903 732 971 ε
752 900 855 961 Ipsa
877 896 1045 948 modus
1066 896 1243 971 fuerat,
1269 898 1455 971 cunctis
1472 896 1530 947 et
1550 898 1755 971 martima
1788 896 1894 971 linis
1918 910 1929 945 :

669 965 745 1024 ain
760 985 883 1022 nova
900 980 1112 1032 quisque
1132 968 1272 1029 tiunt,
1294 967 1393 1028 jam
1428 974 1542 1016 tunc
1554 967 1723 1032 Aordlta
1757 965 2039 1032 probantur.

620 1036 760 1103 Dicta
784 1034 875 1085 Dei
894 1026 1113 1103 requies,
1290 1026 1451 1101 nostra
1474 1028 1753 1103 redemptio
1763 1026 1994 1103 Quietus

622 1097 678 1147 In
700 1110 846 1148 carne
873 1088 1169 1153 veniens,’et
1187 1091 1345 1153 carnis
1369 1089 1519 1139 vincla
1548 1088 1823 1153 resolvens,

619 1158 725 1209 Hoc
749 1157 993 1207 redeunte
1009 1151 1115 1215 die,
1139 1152 1265 1215 felici
1297 1158 1453 1200 morte
1478 1151 1683 1215 quievit.

624 1208 758 1271 Dicta
784 1218 877 1268 Dei
900 1208 1118 1276 requies,
1140 1212 1272 1276 quod
1294 1225 1381 1261 nos
1405 1208 1510 1276 post
1532 1209 1669 1260 mille
1693 1208 1892 1276 labores

624 1281 767 1331 Solus
786 1271 1310 1340 ubique'ioveus’inse
1336 1271 1663 1340 ret‘luicscere
1682 1271 1814 1340 cogit
1839 1283 1851 1316 :

622 1342 727 1393 Nec
745 1333 1007 1392 datur'ulla
1026 1340 1171 1398 quies
1192 1336 1401 1395 miseris,
1416 1333 1519 1398 nisi
1539 1333 1739 1398 suscipit
1763 1333 1884 1398 ipse.

626 1406 758 1455 Dicta
770 1413 964 1465 quoque
986 1393 1062 1448 esi
1078 1399 1294 1459 requies,
1309 1393 1547 1465 mundana
1564 1393 1691 1465 quod
1713 1393 2076 1465 actioprrsens

625 1454 739 1517 Post
763 1454 855 1516 sex
884 1454 1060 1510 intates
1077 1454 1197 1521 quas
1221 1454 1425 1506 mundus
1449 1458 1497 1521 in
1515 1454 1686 1521 ordine
1703 1454 1877 1515 currit,

623 1530 734 1579 Otia
757 1524 1033 1589 percipiens
1055 1517 1241 1589 aeterna
1262 1530 1378 1579 pace
1400 1517 1623 1589 quiescit.

636 1574 777 1639 Dici;
792 1574 987 1650 (ιιιοὴιιε
1007 1590 1079 1631 est
1102 1574 1321 1650 requies,
1350 1574 1477 1650 quas“
1493 1578 1632 1650 nobis
1658 1574 1823 1650 ultime
1844 1586 1950 1624 sors
1978 1579 2077 1623 est.

628 1651 745 1699 Nam
769 1639 878 1699 vitae
901 1639 1071 1695 cursus
1096 1639 1347 1690 mundanae
1371 1639 1507 1688 molis
1530 1639 1586 1686 ad
1608 1640 1771 1685 instar.

628 1714 730 1761 Sex
753 1716 865 1760 sunt
889 1713 1060 1755 aetates
1077 1703 1282 1762 homini,
1305 1699 1392 1749 sed
1414 1702 1623 1761 septima
1647 1709 1777 1762 mors
1797 1704 1897 1747 est.

632 1758 786 1823 l’rima
813 1776 952 1820 leuet
972 1774 1130 1816 ortum
1148 1758 1351 1824 generis
1374 1758 1574 1824 infantia
1596 1758 1806 1824 simplex
1820 1798 1833 1820 ,

625 1822 791 1883 Altera
813 1826 990 1879 deinde
1014 1827 1119 1876 loco
1146 1822 1353 1887 pueritia
1375 1822 1535 1887 mollis
1554 1822 1782 1887 habetur,

622 1880 789 1945 Tertia
808 1904 917 1953 qua:
934 1880 1179 1955 sequitur,
1208 1886 1311 1947 ipsa
1335 1884 1574 1955 vocitatur
1596 1880 1781 1955 adulta,

634 1959 810 2015 Quarta
828 1947 970 2014 ἐει-ιι
993 1948 1187 2015 virtutis
1208 1958 1352 2015 opem
1370 1947 1828 2015 speciosajuventa,

624 2005 800 2078 Quinta
824 2005 1024 2078 senecta
1049 2011 1229 2078 gravis,
1246 2005 1316 2078 ει.
1332 2008 1387 2078 in_
1397 2005 1567 2078 ultima
1594 2014 1813 2078 tempora
1838 2014 2082 2064 vergens;

623 2067 775 2130 ςενιιὴ
801 2075 934 2124 venit
953 2067 1165 2128 senium,
1191 2067 1319 2132 quod
1346 2069 1456 2118 vitae
1479 2068 1713 2132 terminat
1733 2078 1907 2132 aevum.
1960 2084 1968 2093 -

629 2126 744 2190 ilice
768 2138 881 2194 tibi,
900 2147 991 2184 rex
1011 2126 1222 2194 summe,"
1239 2131 1379 2189 jussu
1397 2126 1837 2194 compulsusherili

629 2189 1136 2257 Servulos'Eugenlus
1153 2192 1331 2242 devota
1354 2197 1521 2239 mente
1544 2189 1735 2238 dicavit.

578 2304 668 2361 22.
716 2296 1032 2357 Sirmondus
1061 2295 1159 2349 hos
1180 2307 1365 2351 versus
1392 2299 1513 2362 post
1532 2289 1809 2360 epistolam
1844 2289 2080 2343 Dracon-

512 2400 568 2457 tii
586 2394 785 2467 posuit,
816 2390 1010 2459 quibus
1042 2390 1181 2442 hunc
1204 2384 1418 2442 titulum
1448 2383 1676 2455 praeﬁxit
1707 2399 1721 2439 :
1757 2380 2085 2438 Mdnosticlm

512 2483 937 2560 recapitulationis
965 2479 1163 2551 septimi
1187 2477 1312 2544 diei,
1335 2494 1369 2532 a
1390 2475 1455 2531 Β.
1488 2476 1739 2548 Eugenio,
1768 2476 1821 2530 in
1844 2475 1947 2544 ﬁne
1971 2475 2087 2529 libri

513 2576 773 2633 Dracontii
802 2571 1111 2643 adjicienda.
1142 2568 1319 2625 Prima
1345 2567 1508 2624 verba
1538 2568 1863 2623 Monasticha
1892 2566 2090 2634 recapi-

513 2668 768 2725 tulatiouis
802 2663 1004 2734 septimi
1030 2661 1130 2717 diei
1159 2675 1228 2717 es
1250 2660 1438 2715 codice
1466 2669 1677 2727 sumpta
1716 2668 1857 2720 sunt,
1894 2666 1949 2713 ut
1979 2657 2090 2711 col-

513 2760 603 2830 ligi
648 2756 852 2812 videtur
882 2769 949 2810 ex
980 2752 1220 2823 catalogo
1250 2750 1501 2807 bibli0th.
1545 2765 1658 2825 reg.
1693 2749 1864 2805 Paris.
1896 2749 1953 2803 ιιι
1997 2763 2090 2802 co-

513 2853 628 2909 dice
658 2849 942 2921 Azagrensi
974 2862 1068 2917 pro
1092 2847 1293 2916 septimi
1319 2845 1420 2900 diei
1448 2845 1643 2900 rectius
1675 2844 1868 2914 legitur
1898 2852 2086 2912 septem

512 2947 730 3007 dierum,
762 2942 864 2997 nisi
895 2940 1031 2997 forte
1067 2937 1348 3010 legendum
1377 2938 1447 2995 sit
1478 2936 1815 2992 Monasticha.
1832 2937 2090 3007 recapitu-

514 3038 717 3093 lationis
745 3053 832 3092 sea:
851 3036 1067 3099 dierum,
1099 3040 1146 3087 et
1175 3031 1580 3101 supplementum
1604 3028 1805 3099 septimi
1830 3027 1953 3081 diei.
1982 3027 2090 3082 llu-

514 3132 739 3201 iosmmli
764 3127 1139 3194 iuscriptinnrs
1163 3124 1432 3194 pleraeque
1454 3121 1789 3176 librariorum
1814 3129 1958 3188 sunt,
1984 3134 2088 3173 non

513 3229 808 3289 aucturum.
839 3218 1100 3283 liugcuius
1131 3216 1243 3282 ipse
1271 3215 1324 3269 in
1348 3214 1582 3283 epistola
1599 3214 1663 3268 ad
1684 3228 1864 3283 regem
1883 3216 1954 3268 ita
1975 3214 2049 3266 ait
2071 3230 2083 3266 :

1891 418 2339 509 nnacoufrtus.
2434 377 2439 381 ’

3658 404 3769 494 eis

2104 554 2157 613 Δ
2184 533 2391 600 tonsus,
2422 544 2627 592 certum
2653 536 2864 594 videtur
2891 552 2996 596 non
3028 541 3197 598 solum
3231 543 3624 613 Hexaemeron,
3668 547 3767 603 sed

2182 628 2460 696 epistolam
2489 630 2653 686 etiam
2685 629 2954 688 Dracontii
2972 632 3138 691 fuisse
3165 636 3527 702 emendatam,
3552 650 3767 695 servata

2184 715 2363 779 tamen
2406 726 2706 790 opportuna
2753 720 3097 778 distinctione
3141 724 3280 779 inter
3310 725 3679 783 Hexaemeron
3711 738 3767 783 et

2183 808 2442 880 Elegiam.
2473 809 2585 866 lnto
2612 811 2752 882 quod
2782 811 2857 867 ait
2877 812 3149 884 Eugenius
3172 814 3240 872 de
3267 817 3515 873 versibus
3545 819 3763 887 quibus-

2184 900 2315 956 dam
2347 899 2627 970 detractis,
2659 903 2827 972 magis
2856 903 2908 959 in
2930 903 3155 974 epistola
3176 920 3334 976 quam
3361 907 3414 962 in
3432 906 3764 976 Hesaemero

2185 989 2357 1045 locum
2388 988 2569 1055 habet,
2599 1001 2656 1045 ut
2684 973 2981 1047 conferenti
3012 973 3294 1049 constabit.
3432 973 3437 979 ’

2254 1081 2344 1135 25.
2387 1080 2632 1136 Allirmat
2676 1082 2943 1153 Eugenius
2988 1099 3047 1138 se
3083 1084 3209 1138 olim
3237 1086 3534 1140 versiculos
3573 1086 3764 1155 quihus

2185 1173 2552 1243 recapitulatio
2583 1175 2888 1230 continetur
2928 1176 3329 1246 composuisse;
3362 1175 3455 1231 sed
3500 1191 3605 1231 non
3636 1190 3763 1232 con-

2185 1272 2292 1317 stat
2332 1279 2397 1318 an
2439 1279 2533 1320 eos
2578 1264 2645 1320 ad
2692 1276 3064 1336 argumentum
3101 1266 3374 1322 Dracontii
3421 1266 3760 1324 indicandum

2184 1355 2583 1424 conscripserit,
2609 1371 2677 1410 an
2703 1357 2875 1411 solum
2905 1357 2970 1411 ad
3000 1358 3182 1412 mundi
3210 1359 3536 1413 creationem
3563 1374 3631 1414 ex
3660 1359 3762 1415 Ge-

2185 1447 2297 1500 nesi
2328 1447 2508 1516 paucis
2533 1448 2776 1502 versibus
2799 1448 3379 1519 comprehendendam.
3410 1449 3521 1505 an
3552 1459 3762 1519 postre-

2186 1551 2329 1593 mum
2361 1539 2529 1608 magis
2555 1540 2756 1595 arridet
2787 1560 2798 1593 :
2831 1557 2950 1594 nam
2993 1542 3135 1597 inter
3174 1552 3365 1597 cetera
3395 1542 3618 1614 Eugenii
3649 1560 3762 1613 car-

2187 1632 2327 1685 mina
2354 1631 2446 1686 lib.
2478 1648 2515 1699 l,
2551 1649 2695 1689 num.
2733 1632 2820 1699 l9,
2852 1643 3026 1688 exstat
3056 1632 3441 1704 Heptametrum
3460 1636 3524 1688 de
3543 1636 3759 1705 primor-

2187 1724 2271 1777 dio
2299 1726 2498 1795 mundi,
2532 1724 2778 1781 videlicet
2804 1725 2960 1797 primi
2982 1737 3186 1794 septem
3216 1740 3402 1779 versus
3438 1727 3758 1796 recapitula-

2190 1816 2370 1874 tionis.
2403 1818 2458 1873 ln
2502 1816 2687 1873 codice
2724 1816 2979 1872 Vaticano
3019 1817 3380 1874 Alexandrino
3420 1834 3571 1873 num.
3600 1818 3759 1883 2078,

2189 1907 2367 1962 saeculi
2419 1924 2502 1973 ιι,
2554 1916 2677 1978 post
2721 1909 2825 1963 alia
2873 1924 3036 1979 opera
3086 1909 3461 1964 esscribuntur
3508 1907 3759 1964 nonnulla

2187 1998 2421 2053 carmina
2471 1999 2689 2069 Eugenii
2741 1999 2842 2054 hoc
2890 2000 3042 2054 titulo
3074 2016 3089 2053 :
3124 1997 3316 2071 Incipit
3355 1999 3661 2064 apusculum
3699 1996 3758 2052 B.

2189 2089 2410 2161 Eugenii
2432 2093 2673 2163 episcopi.
2703 2092 2921 2148 Sextum
2948 2108 3166 2147 carmen
3206 2100 3291 2149 est
3320 2090 3419 2147 hoc
3451 2092 3624 2163 ipsum
3653 2091 3759 2146 He-

2188 2194 2472 2255 ptametron
2526 2186 2588 2240 de
2636 2186 2915 2255 primordio
2960 2186 3159 2240 mundi.
3211 2186 3266 2240 In
3314 2186 3554 2256 catalogo
3607 2182 3757 2239 codd.

2192 2292 2320 2332 mss.
2354 2277 2689 2333 bibliotheca:
2721 2277 3047 2332 Florentinac
3072 2278 3179 2348 2ο
3207 2275 3601 2339 Laurentianus,
3632 2285 3758 2330 tom.

2193 2369 2256 2435 ll,
2279 2368 2385 2425 col.
2415 2368 2542 2434 752,
2581 2371 2720 2425 inter
2750 2371 3087 2424 miscellanea
3130 2369 3328 2423 saeculo
3357 2384 3390 2422 χ
3416 2377 3508 2422 aut
3536 2383 3613 2434 si,
3643 2381 3761 2437 per-

2190 2463 2387 2529 Scripta
2424 2460 2727 2515 indicantur
2751 2475 2779 2513 a
2808 2459 3068 2514 Bandinio
3114 2458 3303 2512 Versus
3324 2465 3516 2527 septem
3545 2457 3760 2520 dierum,

2191 2555 2292 2607 sive
2324 2553 2642 2608 Monasticha
2687 2553 2750 2607 de
2788 2569 2859 2606 vit
2888 2553 3062 2607 diebus
3090 2550 3443 2605 hebdomadis.
3483 2548 3686 2604 Diversi
3715 2547 3761 2605 bi

2193 2656 2315 2700 sunt
2343 2660 2374 2699 a
2406 2645 2647 2700 versibus
2683 2644 2928 2716 Eugenii,
2959 2654 3016 2697 ut
3046 2658 3109 2697 ex
3143 2643 3355 2696 illorum
3401 2642 3575 2711 primo
3603 2649 3762 2709 patet,

2200 2735 2373 2790 Prima
2415 2736 2523 2790 dies
2555 2734 2743 2789 Phoebo
2772 2744 3001 2790 sacratus
3042 2734 3247 2789 numine
3272 2733 3454 2804 fulget,
3488 2740 3544 2787 et
3578 2731 3764 2786 clarius

2195 2828 2307 2882 [nnc
2334 2827 2689 2897 discrepantia
2740 2826 3185 2880 animadvertitur
3213 2824 3264 2878 in
3296 2823 3482 2877 codice
3511 2821 3764 2877 Vaticano

2196 2919 2451 2973 Urbinate
2478 2918 2602 2982 584,
2626 2917 2749 2972 olim
2781 2917 2886 2972 828
2911 2957 2927 2983 ,
2958 2917 3042 2971 ubi
3077 2926 3194 2985 post
3215 2915 3413 2968 multos
3431 2912 3566 2967 alios
3584 2926 3765 2968 versus
3859 2989 3865 2995 ⁸

2195 3014 2387 3068 inserta
2416 3019 2541 3065 sunt
2567 3010 2802 3064 carmina
2835 3009 3169 3064 diversorum
3196 3006 3261 3061 de
3285 3021 3449 3069 anno,
3476 3005 3763 3069 mensibus,

2197 3103 2637 3167 hebdomadibus,
2670 3112 2799 3167 etc.,
2832 3112 2886 3156 et
2926 3103 3153 3170 primum
3177 3108 3259 3155 est
3288 3099 3360 3153 De
3389 3112 3458 3151 vn
3485 3095 3658 3150 diebus
3686 3096 3764 3149 he-

2197 3196 2485 3257 bdomadis,
2522 3205 2575 3247 ct
2607 3195 2807 3262 primus
2849 3208 3035 3247 versus
3064 3194 3358 3245 correctior
3400 3202 3559 3259 quam
3604 3188 3652 3241 in
3680 3201 3765 3241 co-

517 3284 621 3366 Sea:
664 3309 861 3366 dierum
890 3279 1355 3373 recapitulationem
1386 3279 1609 3374 singulis
1651 3279 1931 3373 uersiculis,
1965 3318 2091 3371 quos
2120 3303 2166 3369 ε
2196 3287 2312 3341 dice
2356 3286 2695 3350 ν’ίοτθιιῑῖυθν
2746 3283 2921 3338 Prima
2960 3284 3067 3337 ἀίεε
3110 3281 3288 3336 PM?“
3330 3289 3530 3335 δαίνυτο
3570 3279 3766 3374 "om?"

517 3401 637 3455 olim
674 3398 895 3461 condidi,
931 3396 1164 3451 denotavi
1188 3439 1202 3460 ,
1241 3395 1305 3449 de
1338 3396 1419 3449 die
1448 3412 1563 3450 vero
1602 3396 1817 3466 septimo
1846 3412 1955 3466 qua
1985 3398 2088 3450 uisa

517 3502 631 3547 sunt
660 3490 876 3544 dicenda
901 3487 1166 3541 subnerui.
1192 3487 1267 3541 Ex
1297 3485 1491 3557 quibus
1523 3486 1606 3540 hic
1639 3486 1823 3541 titulus
1853 3488 1969 3543 erui
1995 3502 2088 3557 po-

518 3593 691 3640 terat:
725 3579 1095 3652 Recapitulatio
1120 3594 1210 3632 sea:
1248 3579 1466 3643 dierum,
1502 3587 1547 3632 et
1579 3578 2085 3649 appendizOseptimi.

518 3674 625 3731 Etsi
652 3682 829 3727 autem
855 3668 1185 3734 Sirmonilus,
1217 3667 1446 3723 fortasse
1477 3682 1628 3723 suum
1661 3668 1902 3723 codicem
1934 3682 2089 3723 secu-

516 3778 618 3833 tus,
648 3762 1136 3833 recapitulationem
1157 3760 1398 3830 epistola:
1427 3761 1531 3831 19
1552 3760 1820 3814 Dracontii
1847 3760 2091 3828 subii-re-

513 3862 601 3931 rit,
637 3870 813 3915 tamen
853 3858 995 3912 illius
1036 3856 1181 3911 locus
1220 3855 1289 3910 ab
1327 3854 1562 3923 Eugenio
1603 3856 1912 3921 designatus
1960 3855 2088 3909 mihi

514 3950 721 4006 videtur
745 3949 908 4003 fuisse
936 3957 1055 4016 post
1084 3946 1245 4002 linem
1275 3944 1624 4010 llcxaemcri,
1651 3946 1764 3998 sive
1788 3946 1907 4000 libri
1933 3947 2088 4013 primi

513 4039 765 4095 carminis
792 4037 1058 4091 Dracontii
1090 4038 1154 4090 de
1183 4035 1295 4090 Deo
1324 4052 1335 4086 :
1366 4049 1486 4088 nam
1510 4034 1792 4101 epistolam
1822 4036 2087 4090 Dracontii

513 4145 631 4185 cum
664 4137 906 4199 poemate
938 4127 1004 4182 de
1034 4127 1245 4197 Opiﬁc'ro
1282 4141 1375 4180 sex
1408 4125 1615 4181 dierum
1657 4141 1761 4181 non
1790 4136 1871 4182 est
1903 4129 2086 4182 dicen-

513 4222 613 4277 dus
643 4219 963 4283 contudisse,
997 4216 1098 4272 nisi
1142 4216 1279 4271 forte
1310 4217 1361 4271 in
1384 4217 1621 4286 aliquem
1651 4218 1893 4273 codicem
1934 4219 2089 4273 valde

513 4319 820 4380 corruptum
848 4319 902 4364 et
920 4308 1262 4379 depravatum
1295 4307 1557 4362 inciderit.
1590 4308 1646 4362 in
1671 4308 1856 4365 codice
1888 4310 2080 4365 hiblio-

513 4402 683 4478 thecae
709 4399 1044 4467 Parisiensis,
1076 4412 1237 4468 quem
1264 4413 1408 4451 num.
1443 4395 1509 4451 47
1542 4400 1851 4463 recensebo,
1887 4398 2089 4454 iudica-

512 4501 599 4547 tur
635 4492 808 4546 solu’m
851 4489 1239 4554 Hexaemeron,
1272 4489 1388 4542 sive
1428 4487 1560 4543 liber
1602 4490 1809 4557 primus
1845 4489 2088 4546 versibus

511 4582 771 4648 heroicis,
821 4581 904 4634 cui
957 4578 1162 4633 accedit
1220 4576 1439 4647 Engenii
1498 4579 1923 4647 supplementum
1972 4578 2087 4633 sine

2195 3383 2374 3454 fulget.
2409 3382 2595 3437 Sermo
2619 3380 2760 3435 enim
2788 3390 2865 3434 est
2909 3379 2975 3431 de
3002 3375 3356 3431 hebdomadis
3382 3373 3592 3439 diebus,
3624 3372 3709 3442 qui
3733 3385 3764 3425 a

2193 3476 2469 3545 gentilium
2503 3476 2603 3529 iliis
2634 3489 2825 3529 nomen
2856 3474 3107 3527 retinent.

2262 3569 2350 3623 24.
2407 3566 2460 3621 1η
2494 3567 2736 3620 versibus
2776 3565 2994 3634 Eugenii
3040 3565 3152 3617 haec
3191 3559 3422 3615 notanda
3461 3565 3761 3614 occurrunt.

2194 3660 2349 3716 Vere.
2393 3660 2445 3722 6,
2488 3658 2803 3713 Sirmoudos
2832 3658 2990 3713 edidit
3035 3657 3360 3723 hominesque
3399 3655 3625 3724 fugaces.
3660 3651 3764 3708 Sed

2193 3753 2515 3822 hominesque
2539 3766 2745 3821 sagaces
2776 3750 2888 3818 ipse
2913 3747 3156 3802 ediderat
3178 3747 3315 3800 inter
3338 3745 3576 3799 carmina
3599 3742 3766 3812 Euge-

2193 3842 2268 3896 nii
2300 3843 2351 3895 in
2385 3843 2719 3910 heptametro
2755 3839 2820 3893 de
2865 3854 2934 3893 vn
2980 3838 3170 3892 diebus
3208 3847 3261 3891 et
3306 3837 3359 3892 in
3392 3835 3580 3891 codice
3606 3833 3764 3888 Tole-

2196 3948 2337 4000 tano,
2373 3934 2423 3987 in
2456 3934 2730 4000 Vaticano,
2760 3940 2815 3986 et
2844 3948 2873 3985 a
2899 3931 3193 3986 liridelerto
3226 3929 3556 3984 Ramesiensi
3582 3928 3646 3983 ad
3672 3927 3766 3981 Bc-

2193 4028 2274 4080 da:
2304 4036 2431 4080 tam.
2455 4024 2516 4089 ll,
2545 4038 2661 4094 pag.
2687 4021 2774 4088 70,
2806 4023 2894 4075 tibi
2913 4033 3115 4091 septem
3137 4022 3338 4091 primos
3356 4034 3545 4075 versus
3569 4016 3765 4087 profert

2193 4119 2384 4188 legitur
2414 4116 2736 4182 hominesque
2777 4129 3005 4184 sagaces,
3049 4129 3167 4183 quae
3197 4126 3318 4167 vera
3348 4121 3431 4167 est
3455 4110 3715 4179 scriptura
3748 4123 3765 4164 :

2194 4224 2314 4261 nam
2355 4222 2515 4277 sagax
2542 4219 2638 4275 pro
2661 4204 2881 4259 rationis
2912 4204 3166 4275 participe
3193 4213 3245 4258 et
3276 4202 3573 4273 perspicaci
3600 4201 3759 4256 sumi-

2196 4310 2296 4353 tur.
2324 4297 2602 4373 Hclpidius
2624 4296 2677 4350 in
2707 4297 2943 4351 carmine
2972 4295 3038 4351 de
3064 4295 3189 4350 Jesu
3217 4294 3413 4349 Christi
3443 4291 3626 4349 Benef.
3660 4310 3675 4347 :

2315 4418 2582 4481 Contentus
2604 4422 2919 4477 nostrumque
2947 4427 3105 4481 genus
3127 4417 3314 4465 ratione
3336 4414 3519 4479 sagaci,

2314 4480 2372 4529 Et
2395 4480 2506 4528 forti
2525 4480 2742 4528 mouisse
2765 4491 2925 4526 manu.

2191 4582 2378 4637 Cicero
2419 4598 2454 4635 ιι
2487 4582 2555 4636 de
2598 4580 2797 4646 Finib.,
2836 4594 2953 4649 cap.
2990 4580 3074 4645 il,
3112 4578 3357 4634 Homines
3385 4578 3485 4632 hoc
3527 4595 3560 4632 ιι
3600 4577 3764 4632 bestiis

515 4675 602 4730 illa
616 4674 853 4745 epistola:
872 4669 1416 4740 mentione.;Epistola
1440 4669 1573 4737 ipsa,
1594 4670 1901 4725 utcditaest
1922 4686 1951 4725 a
1969 4669 2082 4726 Sir-
2115 4682 2168 4744 ι)
2191 4677 2470 4748 plurimum
2513 4674 2778 4742 cli/ferunt,
2809 4675 2945 4743 quod
2990 4674 3237 4726 rationem
3266 4671 3483 4726 habeant
3508 4687 3542 4724 α
3584 4680 3770 4724 natura

509 4766 705 4821 mendo
730 4772 784 4820 et
808 4765 860 4816 in
889 4760 1217 4817 Collectione
1247 4759 1461 4814 Patrum
1494 4762 1901 4826 Tuletauornm,
1932 4763 1977 4818 si
2004 4774 2084 4818 at-

511 4868 654 4912 tente
686 4854 957 4925 inspicias,
1014 4867 1116 4906 non
1160 4852 1385 4907 obscure
1432 4852 1761 4907 demonstrat
1803 4854 1933 4908 nihil
1982 4854 2081 4924 ipsi

506 4963 628 5003 csse
658 4962 776 5001 cum
809 4943 1045 4999 carmine
1075 4941 1140 4997 de
1168 4956 1256 4996 sex
1290 4942 1494 4996 diebus.
1539 4941 1753 4997 Certum
1805 4943 1932 4998 illud
1980 4955 2081 5010 est,

508 5038 1000 5109 recapitulationem
1047 5035 1113 5089 ab
1146 5033 1379 5103 Eugenio
1407 5036 1665 5103 adjectam
1696 5034 1747 5087 in
1792 5035 1895 5104 fine
1925 5034 2084 5089 libelli

508 5147 614 5201 quo
658 5130 972 5183 Dracontius
1005 5126 1368 5181 Hexaemeron
1411 5126 1721 5193 complexus
1749 5138 1850 5181 cst.
1880 5128 1945 5180 Et
1974 5127 2088 5182 haec

506 5233 588 5277 est
614 5222 751 5276 ratio
773 5235 867 5275 cur
892 5218 1244 5291 recapitulatio
1271 5220 1496 5273 dicatur.
1531 5220 1921 5291 Recapitulatio
1941 5224 2083 5277 enim

506 5313 558 5366 in
590 5312 756 5365 sacris
791 5310 1003 5363 Litteris
1045 5310 1363 5378 appellatur,
1412 5324 1532 5363 cum
1565 5312 1827 5379 scriptura
1856 5311 1993 5365 redit
2020 5311 2086 5367 ad

508 5401 635 5456 illud
662 5402 812 5470 cujus
844 5399 1198 5470 narratiojam
1230 5399 1534 5462 transierat,
1565 5410 1618 5452 ut
1654 5408 1771 5467 post
1800 5398 2081 5454 Ticonium

506 5500 562 5547 et
587 5491 933 5560 Augustinum
960 5491 1193 5559 explicat
1220 5489 1453 5545 Isidorus
1494 5490 1586 5545 lib.
1616 5506 1630 5545 l
1659 5490 1927 5556 Sentent.,
1952 5506 2075 5561 cap.

508 5582 631 5648 £09,
670 5590 727 5636 et
774 5583 874 5636 hoc
919 5582 1027 5636 fere
1074 5594 1235 5635 sensu
1282 5581 1447 5635 verbo
1494 5581 1870 5649 recapitulandi
1913 5586 2080 5638 utitur

506 5673 859 5730 Tertulliauus
909 5673 1003 5728 lib.
1055 5688 1086 5726 v
1134 5671 1345 5728 advers.
1400 5673 1678 5741 Marciam,
1725 5691 1847 5746 cap.
1898 5680 1983 5743 l7,
2024 5687 2079 5733 et

505 5768 914 5825 Conttmdianus
935 5780 1103 5821 carm.
1133 5767 1221 5820 41.
1266 5765 1371 5821 Sed
1400 5780 1517 5819 cum
1551 5767 1820 5837 Eugenios
1848 5770 1991 5825 dicat
2017 5772 2079 5824 li-

507 5859 675 5915 belios
704 5858 964 5913 Dracontii
994 5874 1020 5911 a
1047 5869 1107 5912 se
1132 5864 1422 5922 correctos,
1451 5856 1609 5912 idoue
1631 5859 1912 5915 conﬁrmet
1935 5860 2071 5913 lltle-

2191 4770 2387 4833 datam,
2418 4777 2729 4835 mentemque
2753 4776 2800 4820 et
2827 4780 3019 4830 acrem,
3043 4775 3091 4819 et
3115 4766 3379 4835 uigentem,
3407 4763 3766 4833 celerrimeque

2193 4862 2354 4912 nauita
2374 4859 2674 4926 agitantem,
2704 4867 2776 4921 et,
2801 4866 2854 4909 ut
2876 4858 2952 4909 ita
2972 4858 3160 4923 dicam,
3191 4870 3447 4926 sagacem.
3479 4854 3633 4909 ναις.
3654 4853 3688 4906 8
3710 4863 3769 4908 et

2192 4953 2245 5013 9,
2290 4948 2720 5018 distinguendum
2764 4956 2889 5016 puto
2937 4946 3152 5012 laboret,
3203 4946 3405 4999 Actibus
3447 4955 3535 5000 aut
3586 4946 3763 5015 fessus.

2194 5041 2319 5095 Post
2347 5054 2484 5093 vers.
2524 5039 2605 5103 l3,
2637 5037 2801 5091 Multa
2830 5048 2993 5108 gerat,
3019 5048 3126 5092 tres
3146 5037 3235 5107 qui
3256 5045 3550 5103 sequuntur
3574 5035 3768 5089 desunt

2195 5135 2246 5187 in
2277 5132 2584 5197 Siriroudo,
2625 5131 2720 5186 sed
2749 5146 2811 5185 es
2845 5130 2964 5184 cod.
3011 5130 3179 5183 Tolet.
3212 5128 3380 5185 additi
3410 5136 3535 5183 sunt
3563 5128 3616 5181 in
3656 5124 3769 5181 cdi-

2193 5226 2334 5280 tione
2364 5225 2678 5279 Matritensi.
2726 5224 2872 5276 Vcrs.
2904 5224 2994 5286 Ἃ,
3030 5222 3082 5276 in
3112 5221 3232 5276 cod.
3268 5221 3466 5285 Tolet.,
3496 5220 3604 5275 otia
3638 5233 3767 5289 pra:-

2190 5317 2400 5383 cipiens.
2438 5313 2591 5368 Vers.
2622 5314 2713 5377 26,
2750 5312 2969 5368 Rivinus
2996 5328 3061 5367 ex
3094 5313 3402 5381 conjectura
3431 5311 3553 5382 legit
3579 5352 3595 5380 ,
3629 5308 3767 5365 Nam

2188 5409 2299 5461 vita:
2334 5421 2484 5459 cursu
2513 5404 2786 5458 rnurrdanae
2815 5404 2964 5457 molis
2993 5404 3059 5457 ad
3086 5404 3268 5468 instar,
3301 5402 3408 5458 Sea:
3426 5412 3545 5456 sunt
3570 5409 3764 5460 letales.

2184 5507 2287 5553 etc.
2317 5496 2420 5555 Sed
2454 5497 2609 5553 lectio
2636 5497 2879 5551 codicum
2904 5496 3179 5552 retinenda
3208 5505 3314 5550 est.
3343 5495 3494 5550 Vera.
3518 5494 3612 5559 27,
3640 5495 3765 5549 cod.

2184 5588 2386 5654 Tnlct.,
2415 5596 2587 5642 (states
2612 5587 2898 5641 hominum.
2924 5588 3080 5643 Vers.
3104 5587 3194 5653 29,
3230 5586 3546 5646 Sirntondus
3572 5584 3763 5652 edidit,

2184 5680 2356 5734 Altera
2375 5678 2561 5734 deinde
2585 5678 2807 5748 pueritia
2838 5678 3010 5733 mollis
3035 5678 3271 5732 habetur.
3314 5678 3563 5746 Biviuus,
3589 5676 3768 5730 Altera

2184 5772 2363 5824 deinde
2390 5769 2605 5825 hominis
2633 5769 2847 5840 pueritia
2883 5769 3057 5823 mollis
3086 5769 3320 5837 habetur,
3354 5767 3450 5824 sed
3480 5768 3532 5822 in
3573 5765 3767 5823 erratis

2182 5864 2412 5916 correxit
2463 5863 2634 5916 Altera
2682 5862 2862 5915 deinde
2900 5870 3023 5915 tetas
3062 5860 3278 5926 pueritia
3315 5858 3481 5913 mollis
3522 5858 3758 5921 habetur,
