3994 6290
737 334 852 348 ..ἥβή
876 339 880 343 1

226 409 332 465 615

1860 312 2017 329 -ψη-

1600 398 2108 457 PROLEGOMENA

3352 390 3477 461 'stt

226 522 371 594 quia,
401 529 457 575 ut
485 528 585 587 an,
627 518 809 574 deerat
837 517 956 574 talis
978 517 1150 587 aliqua
1180 515 1388 572 vocula.
1418 515 1599 573 Codex
1623 516 1800 572 Tolet.
1829 518 1880 578 Α
1903 528 2029 572 mus
2055 514 2364 573 Lorenzana
2390 518 2659 605 opusculis
2691 516 2830 575 illius
2859 500 3171 590 praeposuit.
3198 521 3276 577 De
3302 521 3481 593 sepul-

112 644 117 649 -
227 612 389 668 habet
418 611 548 664 loco.
583 608 737 665 Vers.
766 608 855 674 5|,
887 618 982 678 pro
1005 623 1151 677 opem
1176 606 1428 662 libentius
1448 607 1621 677 legam
1649 621 1798 674 opus.

227 703 544 759 Dracontius
568 702 663 755 lib.
695 716 756 765 ιι,
789 713 930 755 vers.
966 698 1090 767 H4,
1127 696 1195 754 Ut
1224 701 1411 769 faceret
1452 701 1554 770 ξι
1600 696 1805 753 uirtutis

226 811 375 867 opus,
408 804 462 848 et
486 793 577 847 llb.
608 807 683 857 ιιι,
704 802 860 846 ‘vers.
890 791 1018 857 2H,
1050 789 1228 861 Exegit
1248 790 1448 844 uirtutis
1473 787 1799 861 opus.’Vers.

195 885 311 952 ‘39.,
343 885 682 952 Sirmondus,
711 887 878 956 gravis
892 885 961 938 ad
985 884 1201 950 ultima;
1229 885 1419 939 melius
1457 881 1576 939 cod.
1602 882 1801 952 Tolet.,

224 980 392 1051 gravis
422 987 467 1031 et
493 977 545 1031 in
577 976 756 1030 ultima
784 992 805 1030 :
836 976 1012 1045 posset
1038 976 1200 1030 etiam
1228 976 1398 1047 grauis
1424 984 1473 1029 et
1500 974 1569 1030 ad
1597 975 1798 1029 ultima.

232 1069 388 1125 Vers.
410 1070 506 1134 ‘53,
536 1077 680 1123 recte
722 1066 987 1138 Eugenius
1016 1068 1223 1121 senium
1251 1078 1295 1122 a‘
1319 1075 1594 1123 senectute
1614 1064 1804 1121 distin-

228 1164 358 1230 guit.
405 1160 639 1216 lsidorus
670 1160 764 1214 lib.
806 1175 822 1213 ι
865 1157 1163 1227 Different.,
1208 1157 1453 1214 Senectus
1498 1168 1569 1213 est
1597 1160 1803 1231 gravior

225 1264 349 1308 aetas
382 1263 492 1322 post
513 1256 826 1323 iuventutem
859 1251 1151 1305 succedens.
1185 1251 1397 1306 Senium
1422 1259 1591 1305 autem
1621 1251 1802 1304 ultima

226 1354 348 1397 tetas
370 1352 483 1411 post
502 1344 795 1414 gravitatem
820 1342 1035 1396 veniens.
1062 1340 1418 1396 Nihilominus
1438 1338 1673 1397 Isidorus
1702 1340 1798 1396 lib.

227 1450 278 1488 st
309 1433 539 1503 Origin.,
564 1447 684 1503 cap.
724 1433 782 1499 2,
813 1434 967 1488 aliter
992 1447 1082 1486 ses
1110 1441 1295 1487 aetates
1328 1432 1558 1487 hominis
1583 1446 1803 1487 enume-

226 1526 349 1580 ra't:
384 1541 505 1579 nam
554 1533 758 1580 sextam
802 1525 985 1578 statuit
1014 1530 1367 1590 senectutem,
1408 1522 1560 1590 cujus
1607 1522 1797 1577 ultima

229 1631 351 1684 pars
379 1626 460 1671 est
479 1616 707 1670 senium.
736 1612 930 1669 Confer
946 1621 1124 1667 notam
1147 1613 1210 1666 ad
1236 1626 1380 1669 vers.
1401 1611 1509 1667 225
1525 1612 1661 1683 eleg.
1687 1611 1802 1666 ϐεε-

227 1717 399 1769 terum
450 1705 780 1777 comparatio
835 1718 929 1760 sex
982 1704 1188 1759 dierum
1243 1718 1363 1758 cum
1411 1716 1504 1758 ses
1555 1705 1801 1759 aetatibus

228 1784 408 1852 mundi
428 1797 712 1867 desumpta
738 1803 820 1851 est
845 1811 913 1851 ex
931 1795 988 1852 S.
1016 1795 1311 1865 Augustino
1340 1794 1434 1849 lib.
1466 1808 1482 1848 ι
1508 1793 1579 1851 de
1599 1793 1801 1851 Genesi

228 1897 406 1943 contra
430 1887 659 1942 Manich.
693 1886 861 1943 Versu
889 1885 1077 1940 ultimo
1106 1886 1315 1940 mallem
1338 1886 1521 1940 dicavi.

829 1998 1058 2055 CAPUT
1098 1972 1197 2053 ιιι)

1905 608 2011 664 c‘ris
2032 618 2323 679 martyrum
2364 610 2959 684 Cmsaraugustanorum
2992 613 3099 669 disi
3128 612 3197 670 ad
3223 614 3479 686 hymnum

1904 700 2181 757 Prndentii
2212 702 2513 772 Peristeph.
2555 708 2606 768 ι,
2640 706 2727 777 qui
2757 704 2931 762 estde
2958 705 3255 762 octodecim
3283 716 3482 779 marty-

1904 795 2053 849 ribus
2092 792 2604 865 Cresaraugnstanis.
2636 796 2791 864 Quod
2838 796 2912 852 ait
2950 796 3246 853 lldefonsus
3285 798 3479 868 princi-

1906 884 2011 952 pali
2049 882 2306 951 uiolentia,
2343 884 2589 955 intelligit
2611 886 2865 956 principis
2890 899 2985 941 seu
3006 888 3147 957 regis
3168 887 3478 958 imperium;

1908 973 2165 1028 decretum
2196 974 2361 1029 divale
2397 974 2535 1029 dixit
2580 974 2870 1048 Eugenius,
2900 986 2955 1033 et
2985 977 3038 1033 ln
3066 976 3294 1034 concilio
3326 977 3481 1032 Tale.

1912 1073 2037 1118 tano
2058 1078 2159 1118 vni
2184 1063 2342 1119 verba
2374 1063 2504 1134 legis
2534 1063 2694 1120 editae
2714 1079 2750 1121 a
2778 1066 3168 1123 Bcccesvintho
3187 1077 3311 1123 sunt
3337 1086 3350 1119 :
3380 1068 3479 1122 Des

1892 1167 2092 1211 cretum
2122 1157 2304 1212 divalis
2333 1158 2661 1213 obseruantia:
2688 1161 3088 1230 promulgamus.
3120 1160 3195 1216 Ita
3226 1161 3478 1233 principa-

1903 1248 1967 1301 lis
2011 1248 2276 1320 accipiunt
2305 1247 2562 1316 Velleius,
2594 1247 2832 1315 Tacitus,
2861 1248 3089 1317 Plinius,
3132 1251 3474 1318 Prudentius,

1903 1339 2012 1394 alii.
2041 1338 2295 1407 Quaedam
2322 1340 2469 1395 leves
2491 1339 2866 1410 discrepantia
2890 1341 2944 1395 in
2974 1339 3209 1397 editione
3234 1342 3479 1398 Sirmon-

1903 1429 2057 1484 diana
2106 1432 2277 1486 notari
2312 1441 2572 1502 possunt,
2601 1440 2661 1488 ut
2691 1431 2807 1487 haec
2836 1432 2890 1486 in
2923 1431 3028 1487 line
3053 1440 3185 1487 tenet
3208 1432 3479 1487 habitatio.

1903 1536 2016 1574 nem
2057 1523 2297 1591 sepulcri.
2344 1520 2511 1578 Nicol.
2545 1521 2808 1579 Antonius
2850 1523 3155 1593 suspicatur
3194 1523 3477 1594 legendum

1903 1614 2112 1667 meliora
2140 1613 2452 1683 conﬁciendo
2474 1628 2573 1685 pro
2601 1614 2819 1669 meliora
2844 1614 3187 1687 conjicienda.
3215 1613 3479 1669 Iudicium
3527 1610 3544 1630 ’

1907 1720 2035 1759 vero
2068 1704 2342 1774 lldefonsi,
2373 1705 2514 1776 quod
2555 1705 2721 1762 libelli
2758 1703 3028 1761 Dracontii
3064 1704 3388 1772 pulchriores
3419 1704 3479 1764 ds

1903 1798 2121 1866 artiﬁcio
2142 1799 2458 1869 corrigentis,
2486 1815 2639 1869 quam
2662 1799 2726 1855 de
2764 1815 2916 1854 manu
2939 1800 3244 1870 processisse
3275 1798 3477 1852 uidean-

1829 1875 1875 1935 Β
1904 1898 1983 1943 tur
2008 1891 2250 1956 auctoris,
2284 1890 2396 1946 Nic.
2443 1892 2676 1961 Antonio
2695 1906 2799 1947 non
2825 1892 3039 1961 placuit,
3062 1891 3150 1961 qui
3178 1898 3307 1945 tom.
3338 1891 3359 1946 l
3389 1888 3477 1943 lii-

1907 1980 2094 2034 blioth.
2125 1992 2259 2043 vet.,
2291 1981 2386 2036 lib.
2416 1998 2470 2045 v,
2502 1994 2621 2052 cap.
2649 1984 2703 2047 5,
2728 1983 2793 2037 de
2818 1981 3082 2039 lldefonso
3112 1983 3355 2052 loquens,
3380 1980 3476 2034 llu-

192 2094 196 2099 ’
230 2095 287 2150 S.
315 2095 559 2165 lldefonsi
589 2092 934 2165 judiciumde
965 2090 1240 2165 Dracontio
1280 2108 1442 2165 opera
1477 2093 1538 2148 S.
1582 2087 1795 2164 Eugenii

1899 2073 1984 2141 jus
2000 2072 2127 2137 tiri,
2150 2071 2339 2142 inquit,
2363 2074 2667 2127 sanctissimi
2682 2074 2882 2142 judicio
2904 2074 2968 2127 tle
2985 2083 3195 2142 utroque
3216 2083 3362 2143 poeta
3378 2087 3477 2130 non

193 2187 200 2194 ·
294 2162 599 2220 emendato.
622 2162 886 2218 Dracontii
915 2178 1041 2235 opus
1070 2164 1123 2217 in
1153 2163 1397 2233 Catalogo
1425 2162 1681 2218 librorum
1703 2180 1801 2219 sw-

292 2236 393 2289 ct‘slt'
415 2252 443 2290 ι
472 2235 773 2290 indicatum.
973 2261 982 2269 -

293 2344 379 2400 25.
416 2344 495 2400 Ad
522 2344 582 2401 S.
610 2344 934 2422 lldet'onsum
961 2360 1102 2400 nunc
1130 2344 1467 2416 progredior,
1494 2346 1583 2416 qui
1609 2345 1801 2401 incelo-

226 2436 309 2504 gio
336 2435 394 2492 S.
428 2434 1097 2507 Eugeniiemendationem
1132 2435 1397 2491 Dracontii
1423 2436 1494 2491 ab
1513 2450 1579 2491 eo
1610 2436 1798 2491 factum

229 2528 476 2583 laudavit.
528 2528 711 2598 Neque
771 2527 1117 2599 iniucundum
1167 2527 1269 2583 erit
1338 2534 1504 2582 totum
1567 2527 1798 2597 elogium

227 2620 428 2675 audire.
465 2621 536 2674 lla
564 2634 691 2690 ergo
714 2619 874 2675 habet
899 2632 1019 2688 cap.
1052 2619 1120 2674 14
1149 2617 1217 2673 de
1247 2612 1360 2673 Vir.
1392 2619 1590 2673 illustr.
1621 2634 1636 2671 :
1668 2619 1800 2673 Item

231 2711 481 2782 Eugenius
526 2709 658 2764 alter
701 2719 814 2780 post
858 2707 1142 2778 Eugenium
1197 2709 1429 2778 pontifex
1475 2709 1795 2779 subrogatur.

228 2801 327 2857 Hic
370 2819 486 2857 cum
531 2802 755 2858 ecclesia:
795 2802 947 2872 regia:
984 2801 1199 2856 clericus
1226 2807 1356 2854 esset
1399 2800 1650 2871 egregius,
1694 2801 1799 2855 uita

227 2896 455 2949 monachi
476 2895 752 2949 delectatus
776 2902 874 2949 est.
911 2893 1012 2961 Qui
1042 2892 1210 2963 sagaci
1240 2894 1363 2963 fuga
1395 2892 1567 2945 urbem
1597 2893 1798 2947 Cessur-

227 2995 558 3057 augustanam
587 2995 757 3054 petens
783 3029 797 3053 ,
838 2985 947 3039 illic
974 2995 1257 3054 martyrum
1284 2984 1530 3054 sepulcris
1568 2984 1791 3052 inhaesit,

225 3077 387 3147 ibique
421 3077 589 3131 studia
615 3077 901 3145 sapientiae,
934 3086 979 3129 et
1007 3075 1321 3146 prepositum
1349 3075 1586 3128 monachi
1615 3075 1796 3130 decen-

1900 2176 2085 2231 parum
2117 2162 2339 2216 detrahit
2372 2163 2591 2234 αὐτοψὶα
2611 2165 2873 2233 ipsa,quat
2901 2164 3046 2217 docet
3072 2162 3291 2230 affatim,
3318 2179 3476 2231 quan-

1905 2254 2011 2309 lum
2039 2257 2251 2311 valuerit
2278 2258 2619 2329 unusquisque
2638 2274 2813 2312 eorum
2834 2258 3070 2327 facultate
3089 2258 3343 2328 pangendi
3366 2272 3476 2311 car-

1910 2349 2084 2413 minis,
2141 2350 2400 2419 tetutisque
2429 2349 2656 2404 barbas-te
2687 2352 2780 2404 sub
2800 2366 2903 2420 qua
2929 2358 3076 2404 natus
3104 2348 3360 2421 Eugenius
3381 2349 3477 2421 fuit

1902 2441 2258 2496 consideratio.
2292 2441 2413 2496 limo
2443 2443 2631 2497 eadem
2661 2441 2884 2498 totidem
2915 2442 3091 2498 verbis
3122 2441 3213 2498 lib.
3246 2457 3322 2508 ιιι,
3351 2457 3474 2513 cap.

1904 2534 1955 2591 5.
1989 2535 2217 2601 dixerat,
2250 2534 2606 2605 sed‘quaadam
2635 2532 2859 2602 addidit,
2892 2534 3097 2591 scilicet
3116 2537 3397 2605 letalisque,
3428 2542 3476 2590 et

1903 2625 2155 2679 convictus
2178 2627 2403 2681 barbarae
2423 2628 2585 2698 gentis
2610 2626 2701 2681 sub
2727 2642 2828 2697 qua
2857 2636 3027 2696 natus,
3073 2636 3177 2683 etc.
3212 2626 3341 2681 Nam
3374 2629 3476 2700 23

1903 2715 2218 2770 Dracontius
2266 2715 2590 2773 felicioribus
2619 2706 2949 2787 temperibns
2982 2718 3091 2773 sub
3112 2716 3476 2776 Romanorum

1902 2805 2123 2875 imperio
2150 2808 2397 2862 inlucem
2435 2817 2677 2864 venerat.
2725 2807 3053 2864 Liberiorem
3085 2807 3309 2866 fortasse
3339 2810 3475 2868 hanc
3558 2860 3563 2865 .

1901 2910 2177 2951 censuram
2209 2898 2399 2968 aliquis
2422 2898 2638 2966 dixerit,
2663 2914 2821 2956 nemo
2846 2900 3052 2955 falsam.
3087 2899 3333 2957 Barthius
3355 2902 3473 2973 qui-

1900 2985 2044 3053 dem,
2077 2988 2301 3043 Advers.
2325 2989 2415 3045 lib.
2450 3006 2531 3056 ιν,
2559 3005 2678 3061 cap.
2731 2992 2819 3057 ll,
2862 2990 2929 3047 de
2970 2990 3188 3063 Eugenii
3219 2993 3473 3049 emenda-

1902 3078 2043 3132 tione
2063 3078 2133 3132 ita
2163 3078 2322 3135 habet
2352 3096 2367 3133 :
2405 3080 2612 3136 Utinam
2625 3098 2739 3136 vero
2761 3082 3063 3150 publicasse!
3085 3086 3307 3155 integros
3322 3088 3473 3141 etiam

196 3190 199 3193 λ
224 3178 296 3222 ter
321 3169 533 3223 incoluit
563 3187 584 3224 ε
612 3170 747 3223 unde
783 3169 1055 3240 principali
1080 3169 1319 3222 uiolentia
1344 3166 1609 3234 reductus,
1644 3178 1794 3239 atque
1898 3169 2032 3239 ipsos
2065 3168 2297 3239 (libellos
2325 3170 2622 3241 Dracontii)
2653 3170 2939 3243 Eugenius,
2963 3182 3015 3227 ut
3044 3176 3325 3245 posteritati
3352 3191 3473 3229 cans

224 3261 274 3313 in
317 3261 667 3330 pontificatum
715 3261 924 3323 ascitus,
976 3259 1131 3313 ritum
1173 3260 1289 3329 plus
1328 3260 1567 3313 uirtutum
1606 3260 1794 3314 meritis
1822 3246 1868 3310 C
1897 3273 2052 3317 staret
2094 3264 2244 3317 modo
2271 3266 2400 3319 ratio
2429 3266 2768 3320 mutationum
2794 3267 2939 3337 ejus;
2978 3280 3091 3337 qua:
3116 3266 3245 3320 enim
3283 3269 3370 3322 ille
3398 3278 3472 3322 te-

220 3367 370 3422 quam
391 3351 583 3406 viribus
602 3351 725 3421 egit.
758 3348 881 3404 Fuit
906 3365 1123 3417 namque
1148 3365 1357 3419 corpore
1391 3352 1575 3417 tenuis,
1605 3366 1792 3421 paruus

220 3448 417 3514 robore,
448 3448 537 3502 sed
566 3446 1028 3517 salidelfervescens
1049 3444 1260 3514 spiritus
1281 3444 1484 3510 virtute,
1509 3444 1792 3499 studiorum

194 3558 205 3565 ·
222 3539 464 3593 bonorum
483 3540 584 3593 uim
608 3553 931 3608 persequens,
949 3545 1131 3591 cantus
1147 3535 1375 3607 pessimis
1388 3535 1566 3589 usibus
1590 3536 1791 3590 uitiatas

220 3632 450 3687 includite
472 3632 755 3703 cognitione
773 3631 1013 3693 correxit,
1040 3629 1320 3699 ofﬁciorum
1347 3628 1557 3681 omissos
1590 3628 1793 3682 ordines

218 3741 493 3796 curamque
520 3725 773 3780 discrevit.
809 3722 1027 3793 Scripsit
1045 3722 1110 3776 de
1131 3721 1193 3776 S.
1220 3719 1471 3774 Trinitate
1493 3719 1721 3773 libellum
1741 3728 1792 3773 et

192 3817 415 3890 'eloqut'o
442 3818 760 3883 nitidum,‘et
787 3818 863 3871 rei
887 3816 1092 3871 veritate
1130 3816 1471 3888 perspicuum,
1500 3816 1587 3885 qui
1619 3815 1791 3886 Libya:

184 3929 197 3937 ο
215 3918 261 3958 et
292 3908 516 3962 Orientis
543 3906 770 3979 partibus
798 3907 930 3960 mitti
954 3905 1260 3976 quantocius
1289 3913 1508 3975 poterat,
1535 3905 1635 3959 nisi
1664 3921 1789 3971 pro-

214 4001 351 4054 cellis
381 4001 685 4054 resultantia
720 4002 849 4071 [rete
877 3999 1123 4052 incertum
1154 3998 1351 4067 pavidis
1382 3999 1480 4053 iter
1516 3998 1789 4053 uiatoribus

212 4093 554 4145 distulissent.
584 4090 802 4160 Scripsit
822 4099 870 4143 et
893 4087 1025 4142 duos
1049 4086 1264 4151 libellos,
1292 4103 1447 4141 unum
1474 4088 1659 4142 diversi
1683 4104 1789 4141 car-

186 4182 362 4235 .minis
393 4191 571 4249 metro,
602 4181 761 4235 alium
791 4179 974 4233 diuersi
1004 4178 1168 4243 operis
1194 4193 1345 4246 prosa
1374 4180 1482 4248 εξ
1505 4188 1783 4243 concretos,

210 4276 297 4341 qni
323 4276 389 4329 ad
418 4275 693 4330 multorum
715 4273 1023 4326 industriam
1047 4273 1159 4339 ejus
1183 4286 1245 4325 au
1274 4270 1368 4324 hoc
1394 4272 1637 4324 terruit"
1660 4288 1786 4325 sano

183 4373 344 4417 ~ctam
369 4364 636 4419 caluerunt
663 4365 1016 4417 commendare
1042 4363 1358 4417 memoriam.
1398 4359 1622 4414 Libellos
1656 4377 1786 4429 quo-

180 4472 307 4522 -que
329 4453 591 4510 Dracontii
619 4455 684 4507 de
704 4454 968 4510 Creationc
993 4437 1169 4507 intendi
1190 4452 1517 4522 conscriptos,
1551 4467 1678 4520 quos
1695 4468 1790 4505 an-

1895 3354 2017 3424 pida
2047 3364 2093 3408 et
2121 3354 2332 3426 illcpida
2352 3400 2366 3424 ,
2401 3365 2447 3412 et
2477 3357 2619 3411 nulla
2656 3357 2856 3411 ratione
2892 3357 3107 3412 subnixa
3161 3354 3472 3414 conviciator

1896 3445 2024 3515 forte
2056 3463 2186 3500 nunc
2226 3449 2368 3501 nobis
2397 3447 2613 3519 pulchra
2640 3457 2687 3501 et
2719 3463 2916 3502 amoena
2936 3490 2951 3513 ,
2978 3459 3022 3503 et
3053 3448 3201 3503 docta
3238 3450 3470 3505 uideren-

1896 3546 1998 3604 tur,
2028 3538 2140 3591 licet
2180 3555 2280 3592 non
2307 3540 2533 3604 astricta,
2569 3540 2765 3599 vitiosa,
2814 3546 2858 3591 et
2888 3541 3185 3608 exsanguia,
3214 3542 3393 3606 auxia,
3427 3550 3472 3596 ct

1895 3626 2101 3679 omnino
2124 3627 2253 3680 nihil
2274 3639 2456 3693 essent,
2486 3628 2586 3681 nisi
2609 3628 2747 3698 quod
2774 3628 2979 3698 iniquus
3003 3631 3227 3683 omnium
3252 3633 3471 3685 (estinm-

1894 3727 1973 3771 tor
2002 3718 2271 3785 planorum
2316 3728 2362 3771 et
2389 3719 2617 3787 facilium
2648 3719 3028 3790 irrecuperabili
3062 3731 3237 3775 nostro
3281 3722 3469 3776 damno

1895 3827 1999 3865 esse
2020 3811 2177 3865 voluit
2203 3819 2249 3865 et
2271 3812 2451 3882 coegit.
2482 3809 2631 3867 Facit
2658 3814 2818 3867 etiam
2850 3815 3033 3867 contra
3060 3811 3309 3869 lldel'onsi
3337 3814 3469 3883 judic

1893 3903 2030 3956 cium
2061 3902 2200 3972 quod
2232 3902 2288 3957 S.
2325 3901 2558 3957 Isidorus
2587 3911 2833 3967 testatur,
2866 3902 3202 3957 Dracontium
3252 3901 3468 3960 Hexae-

1894 4010 2077 4049 meron
2108 3995 2362 4066 eleganter
2383 3994 2746 4064 composuisse
2772 4003 2825 4049 et
2846 3994 3137 4063 scripsisse.
3167 3992 3297 4061 Quis
3323 3995 3466 4052 enim

1895 4086 2078 4140 lsidori
2111 4088 2485 4143 auctoritatem
2505 4099 2744 4141 censura:
2775 4085 3021 4141 lldcl’onsi
3047 4100 3153 4141 non
3180 4086 3467 4156 praeferat?

1893 4176 2018 4233 Mihi
2064 4176 2281 4233 dubium
2324 4178 2542 4232 minime
2568 4186 2651 4233 est
2679 4177 2803 4247 quin
2857 4178 3171 4234 Dracontius
3213 4180 3368 4248 longe
3396 4179 3467 4235 sit

1895 4270 2131 4338 Eugenio
2158 4268 2555 4336 anteferendus,
2587 4268 2702 4323 sive
2731 4267 3096 4323 Hexaemeron
3120 4269 3464 4335 inspiciamus

1891 4362 1958 4411 ab
1981 4358 2215 4428 Eugenio
2244 4358 2645 4428 interpolatum,
2669 4356 2782 4412 sive
2802 4357 3068 4413 Dracontii
3095 4372 3304 4428 poema,
3328 4368 3385 4414 ut
3409 4359 3463 4416 in

1892 4466 2021 4506 mss.
2068 4451 2334 4506 Vaticanis
2372 4449 2597 4520 legitur,
2647 4448 2920 4520 multoque
2957 4451 3124 4520 magis
3161 4450 3464 4518 epistolam,

207 4548 414 4615 tiquitas
442 4547 723 4615 protulerat
752 4546 973 4610 uitiatas,
1006 4561 1065 4597 ea
1081 4559 1194 4613 quae
1219 4542 1622 4596 inconvenientia
1640 4556 1790 4608 repe-
1890 4556 2010 4610 qum.
2040 4541 2218 4595 minus
2250 4551 2331 4595 est
2360 4539 2699 4595 librariorum
2722 4539 3038 4609 negligentia
3067 4548 3339 4610 corrupta,
3372 4556 3464 4597 se-

204 4641 276 4692 rit
304 4636 668 4703 subtrahendo,
701 4636 1041 4697 immutando,
1070 4635 1148 4689 uel
1192 4634 1402 4688 meliora
1445 4633 1783 4703 conjicienda,
1817 4619 1870 4681 D
1892 4631 2017 4686 dnlo
2046 4631 2472 4686 consideremus.

184 4731 285 4783 uita
308 4733 359 4784 in
399 4729 792 4799 pulchritudinis
830 4729 1048 4798 formam
1076 4727 1261 4796 coegit,
1290 4734 1343 4779 ut
1386 4726 1699 4793 pulchriores
1724 4728 1787 4780 de

201 4821 427 4889 arti/icio
456 4822 776 4893 corrigentis,
809 4834 961 4888 quam
987 4822 1048 4870 de
1069 4833 1230 4870 manu
1256 4818 1555 4887 processisse
1581 4818 1787 4871 ridean-

1957 4722 2048 4777 27.
2080 4721 2206 4777 Post
2230 4722 2288 4777 S.
2314 4721 2637 4778 lldefonsum
2678 4721 2856 4777 nullus
2886 4730 3125 4778 veterum
3157 4722 3287 4776 mihi
3313 4724 3462 4780 venit

1891 4817 1943 4868 in
1993 4822 2225 4869 mentem
2268 4814 2356 4883 qui
2390 4814 2661 4869 Dracontii
2701 4814 3041 4879 meminerit,
3091 4829 3197 4869 uno
3235 4826 3464 4885 excepto

202 4923 291 4964 ηπ
318 4913 564 4965 auctoris.
602 4911 667 4964 Et
689 4911 812 4981 quia
850 4910 916 4962 de
955 4909 1039 4961 die
1069 4908 1278 4976 septimo
1314 4909 1448 4961 idem
1481 4906 1784 4961 Dracontius
1892 4905 2126 4961 Honorio
2161 4906 2630 4977 Augustodunensi
2653 4948 2668 4973 ,
2711 4907 2800 4977 qui
2838 4920 2905 4963 ex
2942 4907 3175 4971 Isidem,
3207 4917 3265 4963 ut
3293 4910 3460 4976 solet,

198 5004 414 5056 omnino
440 5001 698 5054 reticendo
723 5001 1055 5067 semiplenam
1081 5015 1208 5064 opus
1236 4998 1370 5053 uisus
1398 5007 1469 5052 est
1497 4998 1781 5067 reliquisse,
1889 5009 2005 5066 cap.
2038 4997 2130 5062 28,
2156 4997 2245 5052 lib.
2280 5014 2347 5062 ιι,
2379 4998 2430 5053 id
2456 4998 2745 5068 descripsit
2770 5015 2784 5053 :
2831 4997 3138 5054 Dracontius
3178 5005 3464 5071 composuit

198 5093 303 5146 iste
325 5102 377 5146 et
412 5108 503 5146 sea:
550 5092 749 5145 dierum
794 5087 1259 5166 recapitulationem
1284 5086 1498 5158 singulis
1526 5088 1783 5143 versiculis
1890 5089 2106 5144 heroicis
2144 5091 2363 5144 uersibus
2405 5089 2756 5145 Hexaemeron
2792 5090 3059 5144 creationis
3104 5093 3300 5147 mundi.
3348 5093 3464 5149 Huc

196 5182 472 5248 "notarit,
506 5192 554 5235 et
581 5183 644 5235 de
666 5181 751 5235 die
790 5180 1027 5250 septima,
1055 5193 1168 5247 qua:
1197 5177 1274 5231 illi
1296 5179 1405 5232 visa
1427 5189 1542 5231 sunt
1581 5180 1784 5247 elegan-
1892 5189 2072 5236 tamen
2101 5180 2349 5251 pertinet,
2374 5180 2513 5250 quod
2544 5181 2680 5251 apud
2718 5180 3060 5236 Muralorium
3093 5190 3223 5236 tom.
3258 5181 3326 5236 Ill
3356 5183 3464 5238 An-

198 5284 284 5327 ter
324 5275 463 5326 dicta
502 5272 790 5344 subjunait.
849 5269 1031 5327 Clarus
1086 5268 1285 5322 habitus
1335 5270 1434 5338 fuit
1478 5271 1782 5340 temporibus
1892 5273 2066 5343 liquit.
2104 5271 2269 5327 Italic.
2312 5273 2457 5328 m‘ed.
2488 5273 2619 5342 aevi,
2654 5287 2776 5344 pag.
2801 5272 2907 5328 8l8
2930 5314 2943 5338 ,
2972 5283 3147 5328 exstat
3188 5274 3462 5343 catalogus

199 5363 627 5427 Chindasvintni,
658 5371 704 5416 el
736 5359 1079 5417 Reccesuintlti
1108 5373 1306 5431 regum,
1338 5358 1441 5427 fere
1489 5359 1776 5426 duodecim,
1886 5364 2130 5421 codicum
2172 5378 2301 5419 mss.
2340 5365 2435 5435 qui
2477 5364 2531 5419 in
2571 5364 2897 5421 monasterio
2931 5364 3179 5421 Bobiensi
3221 5379 3466 5421 assem-

118 5476 127 5480 -
194 5456 358 5509 annis
407 5467 581 5509 tenens
630 5453 924 5523 dignitatem
950 5451 1101 5505 simul
1144 5460 1188 5504 et
1219 5448 1432 5519 gloriam
1480 5451 1779 5516 sacerdotis,
1872 5453 2106 5522 bantur,
2133 5453 2331 5510 amcitia
2367 5470 2424 5520 κ,
2455 5463 2513 5509 ut
2539 5455 2771 5522 videtur,
2799 5454 3118 5526 descriptus.
3149 5453 3206 5511 In
3248 5454 3463 5513 hocea-

195 5545 380 5614 sicque
409 5553 520 5613 post
543 5545 671 5598 lucis
697 5542 974 5597 mundialis
1001 5557 1232 5596 occasum
1259 5540 1313 5594 in
1334 5539 1542 5595 basilica
1561 5539 1624 5597 S.
1659 5540 1783 5597 Leo-
1873 5546 2073 5615 .talogo
2102 5553 2450 5602 recensentur
2485 5544 2607 5601 libri
2641 5560 2780 5615 quos
2811 5546 3079 5616 (insignius
3105 5546 3304 5616 aliique
3338 5550 3465 5604 bes.

188 5636 376 5691 cadis
394 5644 531 5690 tenet
554 5634 864 5691 habitatione
889 5635 1197 5701 sepulcrum.
1894 5629 2100 5694 tissimo
2118 5635 2475 5703 Columbano,
2493 5637 2595 5692 hoc
2620 5646 2701 5692 est
2722 5637 3053 5694 monasterio
3073 5637 3176 5708 ipsi
3192 5638 3461 5705 Bobiensi,

281 5730 375 5786 26.
420 5729 553 5785 Huic
596 5729 769 5797 elogio
819 5725 885 5781 ad
934 5726 1099 5781 vitam
1146 5723 1365 5792 Eugenii
1413 5722 1787 5781 illustrandum
1897 5746 1924 5783 a
1958 5728 2016 5785 S.
2044 5726 2377 5783 Columbano
2417 5727 2657 5796 fundato,
2687 5727 3036 5785 donaveram.
3073 5729 3181 5786 Sed
3206 5738 3338 5785 ante
3372 5729 3468 5785 hos

192 5821 381 5914 multa
410 5822 534 5877 addi
577 5830 799 5885 possunt
826 5834 891 5876 ex
922 5818 1037 5884 ejus
1066 5816 1201 5881 Vita,
1232 5830 1388 5884 quam
1428 5817 1787 5875 eminentissi-
1896 5821 1986 5876 alii
2010 5820 2219 5876 codices
2250 5829 2634 5887 memorantur,
2662 5820 2753 5892 qui
2788 5820 2854 5877 ad
2882 5821 3237 5890 antiquiorem
3276 5832 3463 5874 Iliona-
