3994 6290
160 288 258 346 617

1557 287 1921 347 Ριιοιεςοιι
1932 290 2083 346 ENA.

3330 292 3441 351 018

156 415 437 476 quatuorve
455 405 741 463 entendatis
758 404 1179 475 erroribus,quos
1200 403 1553 475 typograplttts
1576 403 1748 458 admi-
1775 408 1829 467 Α
1928 404 2017 460 '52.
2051 404 2339 463 Videamus
2368 420 2509 462 nunc
2532 406 2674 478 quod
2702 404 2775 462 ait
2799 405 2918 462 Nic.
2947 405 3233 475 Antonius,
3262 416 3444 463 aucto-

156 506 309 555 serat.
338 499 543 557 Revera
572 498 641 555 de
662 499 831 569 patria
861 507 915 554 et
934 506 1095 568 gente
1118 497 1389 554 Dracontii
1415 498 1582 553 altum
1606 496 1748 566 apud

157 602 369 649 veteres
415 593 709 649 silentium.
735 592 974 648 Joannes
1006 592 1225 646 Vasmns
1267 590 1321 646 in
1367 590 1639 647 Chronico
1679 588 1747 644 ad

154 700 240 741 an.
271 684 402 751 651,
435 684 526 741 ubi
555 685 622 741 de
652 685 710 740 8.
741 684 983 754 Eugenio
1012 697 1320 739 sermonem
1352 682 1541 752 injicit,
1574 680 1748 737 videri

152 780 221 835 ait
249 778 602 833 Dracontium
635 776 799 832 fuisse
832 775 1150 845 Hispanum,
1177 782 1435 845 quantum
1466 789 1531 829 ex
1562 772 1621 829 S.
1654 773 1749 828 lsi-

154 874 283 929 doro
318 870 499 942 colligi
528 879 721 943 potest,
746 879 801 926 et
822 869 1069 926 ﬂoruisse
1096 867 1431 940 temporibus
1458 865 1749 923 Justiniani

154 965 499 1035 imperatoris
537 973 592 1021 et
630 963 971 1034 Athanagildi
1004 964 1147 1034 regis
1175 962 1498 1019 Gothorum.
1529 960 1636 1017 Sed
1682 976 1751 1017 ex

156 1058 348 1115 lsidori
377 1057 580 1125 verbis,
604 1072 723 1128 qua:
756 1071 904 1113 num.
933 1058 964 1111 7
993 1055 1183 1120 babes,
1217 1055 1402 1111 nescio
1427 1052 1520 1125 qui
1570 1052 1749 1124 colligi

155 1149 350 1219 possit,
372 1147 715 1204 Dracontium
738 1146 908 1203 fuisse
934 1146 1250 1216 Hispanum,
1267 1154 1359 1201 aut
1386 1145 1635 1200 ﬂoruisse
1654 1159 1751 1199 sa:-

156 1241 274 1297 eulo
312 1257 387 1296 vt.
430 1241 645 1297 Etcum
684 1239 801 1312 ipse
843 1240 1065 1295 Vasams
1098 1238 1416 1302 confirmet,
1449 1236 1747 1308 Eugenium

156 1332 532 1389 Hexaemeron
563 1330 834 1388 Dracontii
860 1332 977 1399 jam
1005 1338 1252 1386 vetustate
1281 1330 1514 1385 uitiatum
1541 1343 1643 1384 suo
1671 1329 1753 1385 ni-

157 1426 257 1498 tori
285 1426 612 1494 restituisse,
642 1436 939 1496 oporteret,
966 1435 1023 1481 ut
1064 1426 1452 1497 aliquantulum
1480 1426 1750 1496 antiquio-

156 1529 266 1570 rem
287 1516 544 1573 crederet
571 1517 915 1573 Dracontium
941 1533 956 1570 :
981 1533 1102 1572 nam
1135 1517 1403 1588 Eugenius
1434 1518 1631 1572 sacculo
1652 1532 1748 1584 vn,

156 1622 296 1662 anno
341 1608 561 1664 circiter
606 1607 711 1665 645
737 1651 753 1675 ,
804 1608 1152 1665 Dracontium
1196 1609 1540 1665 emendabat.
1576 1607 1749 1664 Vasaei

156 1699 469 1770 opinionem
492 1701 644 1757 multi
668 1702 762 1757 alii
783 1702 1017 1773 amplexi
1046 1712 1196 1769 sunt,
1220 1703 1380 1758 etiam
1396 1704 1499 1776 27
1516 1702 1751 1757 Joannes

1856 498 2004 554 ribus
2026 498 2271 555 confictis
2290 500 2581 556 nonnullos
2604 498 2900 556 credidisse
2916 498 3263 556 Dracontium
3286 500 3449 556 fuisse

1853 600 2014 662 gente
2078 591 2392 661 llispanum.
2462 592 2747 648 Famosum
2805 592 3065 663 imprimis
3121 603 3205 648 est
3258 592 3449 649 Dextri

1855 683 2177 740 Chronicon.
2212 685 2269 740 In
2299 685 2440 740 notis
2469 684 2535 739 ad
2568 685 2992 750 recentissimam
3018 684 3309 742 editionem
3339 686 3452 741 Ma-

1856 778 2136 831 tritensem
2176 775 2526 833 Bibliotheca:
2555 777 2754 835 veteris
2784 776 3033 849 Hispanae
3072 777 3188 833 Nic.
3226 776 3448 834 Antonii

1856 870 1951 928 lib.
1979 885 2060 937 ιιι,
2090 885 2211 941 cap.
2236 872 2289 936 5,
2317 870 2663 928 doctissimus
2683 872 2859 928 editor
2885 869 3184 928 mirandum
3215 872 3292 926 ait
3317 870 3450 926 nihil

1855 964 1924 1019 de
1956 964 2244 1021 Dracontio
2291 963 2431 1033 apud
2474 964 2963 1034 pseudo-Dextrum
3002 965 3107 1037 legi
3137 978 3243 1021 nou
3274 965 3448 1021 solum

1854 1057 1909 1113 in
1936 1057 2189 1114 Chronici
2216 1057 2535 1129 fragmento,
2564 1059 2707 1128 quod
2740 1067 2861 1124 post
2889 1058 3025 1114 Bibl.
3056 1067 3163 1115 vet.
3195 1058 3311 1115 Nic.
3341 1056 3453 1113 An-

1858 1149 2037 1205 tonius
2063 1149 2302 1220 prmulit,
2329 1148 2422 1204 sed
2447 1162 2625 1220 neque
2654 1148 2704 1203 in
2735 1148 2967 1215 ‘pleniori
2996 1150 3244 1221 exemplo
3268 1150 3451 1220 Regia:

1854 1241 2217 1299 bibliothecae.
2262 1240 2334 1297 At
2381 1241 2603 1297 minime
2640 1241 2858 1297 dubium
2899 1250 2984 1299 est
3016 1243 3144 1312 quin
3173 1243 3223 1298 in
3262 1241 3450 1298 Dextri

1854 1335 2125 1392 Chronico
2145 1351 2267 1391 cum
2291 1336 2701 1391 Commentariis
2724 1336 2920 1391 Bivarii
2941 1336 3082 1406 typis
3106 1335 3249 1391 edito
3271 1336 3450 1405 aliqua

1856 1429 2060 1484 tnentio
2087 1428 2359 1484 Dracontii
2386 1437 2633 1483 occurrat
2669 1445 2682 1480 :
2721 1442 2786 1483 ex
2820 1443 2922 1496 qua
2948 1436 3126 1483 tamen
3159 1426 3451 1496 Hispanum

1858 1520 2023 1577 fuisse
2050 1520 2393 1576 Dracontium
2427 1534 2762 1590 nequaquam
2789 1518 3074 1589 colligitur,
3098 1517 3207 1573 imo
3235 1526 3452 1573 contra-

1856 1614 1993 1669 rium
2039 1614 2257 1685 collegit
2302 1621 2694 1669 commentator
2742 1612 3002 1668 Bivarius.
3048 1612 3179 1668 Cum
3212 1610 3355 1666 enim
3383 1610 3454 1666 ad

1855 1721 2056 1761 annum
2111 1704 2217 1761 382
2268 1712 2516 1760 narretur
2561 1703 2613 1759 in
2656 1702 2966 1771 Chronico,
3015 1702 3359 1781 Dracontium
3400 1712 3457 1760 et

161 1792 403 1849 Grialius
432 1795 484 1850 in
513 1794 749 1851 editione
778 1794 1075 1851 Matritensi
1100 1797 1156 1852 S.
1186 1795 1375 1852 lsidori
1404 1796 1546 1853 1599
1569 1796 1635 1852 ad
1660 1796 1755 1853 lib.
1787 1798 1841 1861 Β
1868 1796 2166 1868 Adelpbum
2206 1797 2488 1867 episcopos
2516 1796 2569 1850 in
2600 1794 2856 1865 Hispania
2885 1794 3180 1861 exsulasse,
3214 1793 3456 1851 Bivarius

160 1903 236 1942 xu
264 1888 448 1959 Etym.
471 1903 591 1959 cap.
613 1888 669 1955 2,
695 1888 785 1943 ubi
810 1889 1013 1945 diserte
1040 1888 1117 1944 ait
1141 1904 1156 1942 :
1186 1889 1497 1944 Dracontius
1520 1906 1649 1959 opus
1669 1905 1759 1944 sea:

157 1977 373 2033 Dierum
395 1981 620 2034 carmine
640 1980 944 2052 composuit,
962 1981 1309 2053 Athanagildo
1334 1994 1598 2053 regnante,
1621 1982 1761 2052 quod

158 2089 339 2141 poema
364 2072 626 2145 Eugenius
648 2072 743 2127 Ill
780 2073 943 2129 Tolct.
990 2076 1204 2129 antistes
1237 2075 1328 2130 sub
1356 2074 1761 2130 Chindasuintlto

158 2176 201 2220 et
231 2166 627 2233 RecCesuinlho,
662 2177 709 2221 et
739 2168 1051 2235 emendavit,
1090 2178 1138 2222 et
1163 2167 1365 2236 septimi
1398 2168 1502 2221 diei
1531 2168 1756 2221 uersibus

157 2262 327 2315 auxit.
360 2259 518 2329 Quod
551 2274 679 2315 vero
715 2259 781 2314 ad
828 2269 1040 2329 tempus
1069 2260 1259 2315 attinet
1293 2274 1400 2331 quo
1435 2258 1761 2314 Dracontius

158 2351 559 2421 vixit,insignis
584 2359 669 2405 est
691 2365 844 2406 error
872 2350 1094 2406 Gerardi
1116 2350 1340 2406 Joannis
1370 2350 1543 2405 Vossii
1571 2365 1693 2419 cap.
1725 2349 1761 2407 9

158 2443 283 2499 libri
322 2444 393 2498 de
424 2443 574 2499 Poet.
615 2442 757 2508 Lat.,
790 2442 877 2499 ubi
922 2444 1064 2499 inter
1101 2452 1285 2514 poetas
1322 2443 1544 2499 incertas
1587 2442 1761 2497 aetatis

160 2536 516 2591 Dracontium
565 2544 848 2603 recenset,
885 2544 941 2591 et
972 2544 1095 2606 post
1120 2535 1370 2590 Carolum
1411 2535 1657 2606 Magnum
1690 2535 1759 2590 ad

158 2643 363 2683 annum
390 2624 496 2683 800
521 2626 760 2697 relegat:
792 2627 879 2696 qui
911 2642 1014 2682 non
1042 2628 1213 2681 solum
1245 2627 1499 2697 operibus
1529 2627 1763 2682 Dracon-

156 2720 239 2783 tii,
267 2734 461 2775 verum
491 2718 651 2773 etiam
681 2716 869 2772 lsidori
900 2716 1259 2789 lldelonsique
1287 2718 1611 2774 testimoniis
1641 2720 1758 2774 evi-

156 2812 360 2867 denter
382 2811 664 2866 relellitur.
683 2810 915 2866 Funcins
935 2811 1002 2866 de
1017 2810 1204 2879 Veget.
1230 2810 1346 2865 Lat.
1367 2812 1496 2880 ling.
1518 2812 1761 2879 Senect.,

156 2919 283 2976 cap.
312 2905 370 2970 5,
406 2903 436 2975 §
469 2904 558 2971 97,
595 2905 788 2958 merito
821 2902 995 2973 rejicit
1033 2903 1309 2959 Matthiam
1339 2904 1561 2971 Ktenig,
1590 2907 1679 2975 qui
1709 2906 1762 2961 in

160 2997 308 3053 Bibl.
335 3005 447 3052 vet.
471 3006 525 3051 et
551 3009 681 3050 nov.
704 2995 1044 3050 Dracontium
1071 2996 1172 3052 sub
1192 2996 1493 3052 Justiniano
1515 2998 1765 3055 ﬂoruisse

158 3091 280 3157 ait;
342 3090 440 3146 sed
472 3090 622 3146 nullo
651 3090 765 3159 ipse
802 3088 1143 3145 fundamento
1183 3099 1388 3145 certum
1428 3105 1626 3145 annntn
1656 3091 1765 3146 450

1866 1888 2009 1944 hunc
2026 1889 2258 1943 allirmat
2279 1902 2400 1943 esse
2423 1886 2765 1943 Dracontium
2795 1895 3028 1955 poetam,
3054 1899 3153 1940 nec
3181 1884 3455 1941 diversum

1865 1984 2097 2040 credita
2128 1981 2418 2039 Dracuntio
2467 1980 2552 2036 vel
2600 1979 2887 2036 Dracontio
2913 2022 2928 2045 ,
2976 1979 3041 2033 ad
3084 1993 3243 2049 quem
3282 1985 3458 2033 exstat

1865 2080 2091 2152 epistola
2138 2077 2438 2134 Athanasii.
2488 2075 2596 2132 Nec
2642 2074 2813 2129 fuerat
2855 2090 3013 2129 nemo
3059 2074 3143 2128 cui
3181 2074 3295 2127 haec
3338 2072 3457 2142 ipsa

1865 2174 2048 2243 opinio
2099 2180 2254 2227 antea
2300 2170 2355 2225 in
2405 2178 2640 2225 mentem
2684 2166 2960 2231 venisset,
2992 2172 3051 2220 ut
3077 2179 3142 2221 ex
3172 2163 3256 2219 bis
3281 2163 3459 2218 verbis

1867 2265 2109 2321 Goldasti
2140 2266 2192 2319 in
2220 2261 2443 2334 epistula
2472 2260 2539 2315 ad
2571 2259 2855 2316 Weitzium
2883 2258 3147 2329 intelliges
3175 2274 3191 2312 :
3225 2256 3303 2311 Ad
3328 2257 3461 2310 hunc

1867 2359 2229 2424 Dracontium,
2241 2372 2357 2429 qua:
2368 2372 2430 2411 ea:
2440 2354 2665 2410 Baronio
2681 2363 2920 2425 suggesta
2938 2351 3199 2409 suntnihil
3219 2350 3459 2404 attinent.

1866 2450 1969 2505 Ille
1997 2451 2129 2504 enim
2165 2448 2473 2513 Orientalis,
2509 2445 2591 2500 hic
2634 2443 3012 2509 Occidentalis;
3053 2443 3143 2497 ille
3179 2441 3460 2504 Asiaticus,

1867 2548 1949 2601 hic
1980 2545 2284 2612 Europeus;
2325 2541 2414 2597 ille
2447 2541 2678 2609 Gnaeus,
2712 2540 2794 2593 hic
2831 2538 3127 2608 Hispanus;
3155 2536 3242 2590 ille
3270 2535 3465 2604 episco-

1868 2657 1963 2710 pus
1984 2682 1998 2705 ,
2029 2639 2111 2693 hic
2139 2636 2430 2710 palatinus;
2470 2634 2559 2688 ille
2583 2632 2915 2689 Constantino
2945 2629 3158 2701 Magno,
3182 2626 3264 2681 hic
3293 2626 3462 2701 Justi-

1868 2733 2023 2787 niano
2063 2730 2259 2800 Magno
2293 2726 2721 2796 imperatoribus;
2766 2725 2856 2779 ille
2886 2741 2918 2777 α
2954 2721 3154 2778 Christo
3187 2730 3308 2774 nato
3336 2721 3465 2784 550,

1868 2824 1952 2878 hic
1983 2823 2087 2878 540
2116 2822 2335 2893 viguere.
2368 2819 2529 2875 Errat
2554 2832 2675 2872 cum
2710 2816 2897 2872 Vasteo
2926 2816 2977 2869 in
3008 2822 3166 2870 astate
3190 2809 3464 2867 Dracontii

1868 2914 2187 2977 Goldastus;
2212 2910 2305 2966 sed
2329 2912 2509 2965 mirari
2529 2908 2673 2964 subit
2696 2904 2838 2961 unde
2858 2903 3150 2975 sumpserit
3172 2902 3463 2972 palatinum

1870 3005 2036 3060 fuisse
2076 3001 2422 3058 Dracontium
2451 3042 2465 3067 ,
2516 3013 2657 3052 nam.
2686 2996 2924 3067 plerique
2970 2993 3056 3048 alii
3090 2992 3464 3064 presbyterum

1872 3108 2082 3155 vocant.
2128 3094 2369 3151 Goldasti
2414 3093 2676 3150 veriorem
2702 3105 2825 3147 esse
2846 3087 3168 3146 sententiam
3198 3103 3265 3142 ex
3296 3102 3466 3144 ment-
3538 3094 3541 3097 ‘

162 3184 445 3254 designat,
471 3197 577 3254 quo
600 3183 916 3238 Dracontius
952 3182 1114 3237 rebus
1151 3182 1398 3237 humanis
1429 3182 1765 3237 valedixerit.
1793 3178 2057 3262 CLI-anis
2086 3188 2379 3255 Vaticanis,
2413 3202 2561 3242 num.
2596 3184 2701 3240 tas
2722 3229 2735 3251 ,
2767 3181 3167 3239 demonstrabo.
3198 3180 3276 3236 Ex
3302 3180 3464 3235 Baro-

232 3275 332 3330 5l.
368 3275 638 3330 Dracontii
682 3276 851 3346 patria
900 3290 1006 3329 non
1038 3283 1238 3330 tantum
1271 3274 1335 3330 ϐ.
1368 3273 1635 3340 Fabricio,
1669 3290 1765 3329 ve-

154 3383 281 3424 rum
318 3367 485 3423 etiam
512 3367 623 3423 Nic.
658 3369 892 3424 Antonio
919 3368 1120 3423 incerta
1147 3375 1282 3432 erat,
1306 3368 1395 3437 qui
1419 3376 1551 3421 tom.
1580 3365 1596 3419 l
1624 3366 1761 3420 Bibl.

154 3470 273 3515 vet.
301 3500 318 3527 ,
347 3458 445 3514 lib.
476 3475 542 3527 v,
577 3475 696 3530 cap.
726 3460 790 3526 5,
822 3460 893 3513 ita
924 3460 1229 3530 pronuntiat
1266 3476 1278 3510 :
1324 3457 1664 3512 Dracontium
1694 3468 1770 3510 te-

156 3568 303 3606 mere
326 3551 475 3606 aiunt
492 3559 635 3624 gente
657 3549 952 3622 Hispanum
973 3548 1210 3604 nonnulli
1226 3548 1517 3602 auctoribus
1538 3547 1768 3616 conﬁctis

154 3646 453 3712 credentes.
492 3650 663 3713 Atque
694 3641 783 3697 ille
813 3640 1029 3711 quidem
1063 3640 1254 3710 partim
1284 3638 1498 3694 silentio
1528 3646 1768 3692 veterum

156 3748 449 3809 permotus
478 3738 547 3791 ita
571 3736 874 3807 judicabat,
908 3736 1100 3806 partim
1131 3734 1254 3789 odio
1281 3732 1515 3804 quodam
1545 3746 1643 3786 suo
1673 3732 1770 3786 ad-

153 3844 361 3886 versus
390 3838 636 3884 auctores
680 3828 934 3882 falsorum
965 3826 1342 3882 cbronicorum
1382 3824 1634 3879 incensus
1660 3866 1673 3893 ,
1705 3838 1773 3878 ex

155 3942 275 3999 quo
301 3925 537 3981 fortasse
567 3925 621 3979 in
662 3922 999 3978 contrariam
1036 3930 1245 3992 partem
1285 3932 1663 3988 nonnunquam
1695 3917 1778 3973 ni-

154 4020 341 4077 mium
380 4033 443 4074 se
482 4018 652 4089 abripi
691 4032 883 4089 passus
920 4025 1023 4072 est.
1065 4014 1310 4070 Vidimus
1342 4014 1485 4070 enim
1510 4013 1635 4084 quid
1669 4012 1773 4068 Va-

154 4123 340 4177 διευς,
374 4106 466 4177 qui
492 4123 633 4161 anno
660 4108 876 4162 circiter
907 4105 1047 4163 1562
1071 4104 1323 4170 decessit,
1356 4117 1410 4161 et
1439 4121 1596 4174 quem
1625 4103 1776 4161 multi

154 4201 344 4255 secuti
388 4206 539 4265 sunt,
579 4198 737 4269 longe
781 4207 906 4252 ante
951 4195 1208 4251 chronica
1251 4196 1479 4252 conﬂcta
1526 4196 1776 4264 senserit,

1872 3286 1963 3340 nio
1993 3297 2121 3340 vero
2150 3283 2298 3346 haec,
2328 3278 2543 3349 opinor,
2578 3276 2808 3332 Weitzio
2834 3282 3082 3346 suggesta
3107 3281 3294 3341 erant,
3326 3271 3468 3342 quod

1872 3382 1940 3438 ad
1967 3394 2163 3436 annum
2192 3377 2319 3443 528,
2350 3390 2501 3431 num.
2530 3372 2621 3438 25,
2651 3369 2958 3427 meminerit
2985 3367 3255 3424 Dracontii
3284 3380 3470 3421 mona-

1874 3475 1959 3529 chi
1981 3515 1996 3539 ,
2037 3487 2195 3543 quem
2232 3468 2559 3527 Athanasius
2591 3482 2686 3536 prr
2716 3463 2993 3534 epistolam
3033 3462 3276 3517 hortatus
3305 3468 3390 3515 est
3416 3469 3473 3515 ut

1874 3569 2242 3639 episcopatum
2267 3580 2373 3621 non
2404 3571 2699 3628 recusaret,
2726 3572 2780 3617 et
2806 3575 2993 3617 rursus
3020 3559 3087 3613 ad
3117 3573 3315 3614 annum
3342 3560 3471 3620 556.

1878 3676 2027 3716 num.
2060 3660 2153 3726 47,
2182 3659 2272 3723 t8,
2305 3657 2398 3721 52,
2439 3654 2783 3711 Dracontium
2815 3653 3125 3724 episcopum
3154 3652 3205 3706 in
3239 3650 3473 3720 Egypto

1877 3753 2119 3809 exsulem
2146 3766 2216 3805 ex
2255 3750 2309 3804 S.
2344 3748 2640 3805 Athanasio
2668 3746 2735 3801 de
2765 3745 2907 3815 Fuga
2935 3758 3030 3800 sua
3058 3752 3114 3799 et
3137 3743 3201 3798 ad
3227 3741 3471 3807 Solitar.,.

1877 3858 1930 3900 et
1957 3860 2025 3900 ex
2070 3842 2190 3899 Vita
2232 3841 2292 3897 S.
2317 3839 2605 3897 Hilarionis
2647 3854 2677 3894 a
2718 3839 2776 3894 S.
2803 3837 3130 3909 Hieronymo
3170 3834 3472 3906 conscripta

1879 3928 2401 4000 commemoraveri't,
2423 3946 2582 4001 quem
2608 3944 2774 3986 unum
2796 3927 3155 3998 eumdemquc
3180 3941 3298 3982 esse
3326 3936 3477 3995 putat

1881 4048 1946 4089 ac
1967 4030 2312 4087 Dracontium
2342 4026 2685 4090 monachum.
2706 4024 2773 4079 ad
2804 4038 2964 4094 quem
2984 4022 3311 4078 Athanasius
3340 4020 3478 4077 litte‘

1882 4142 1970 4183 ras
1996 4126 2107 4198 29
2133 4123 2301 4179 dedit.
2332 4121 2408 4177 De
2430 4118 2663 4176 diversis
2690 4117 2992 4173 Dracontiis
3017 4125 3172 4172 antea
3196 4130 3343 4169 num.
3367 4115 3400 4169 5
3423 4123 3478 4170 et

1883 4219 1917 4274 6
1940 4235 1969 4272 a
1993 4218 2145 4273 nobis
2169 4215 2494 4283 disputatum
2516 4220 2619 4267 est.
2635 4208 2752 4266 Non
2773 4207 3067 4264 omittenda
3089 4214 3215 4262 sunt
3234 4204 3477 4261 Goldasti

150 4308 405 4363 quorum
434 4292 671 4350 inventio
697 4292 763 4347 ad
784 4307 986 4347 annum
1021 4291 1157 4349 1594
1184 4291 1436 4358 refertur,
1471 4291 1639 4362 prima
1667 4289 1781 4345 edi-

154 4390 243 4443 tio
272 4403 427 4443 anno
458 4388 595 4443 1619
627 4398 839 4457 peracta
880 4396 981 4443 est.
1028 4385 1225 4441 Eadem
1258 4386 1441 4457 opinio
1469 4389 1628 4442 etiam
1660 4397 1758 4455 pos

1883 4401 1984 4456 etis
2009 4441 2025 4465 ,
2073 4398 2338 4467 Hispania:
2381 4391 2712 4462 adiudicavit
2761 4411 2775 4448 :
2823 4391 2888 4445 In
2930 4398 3186 4458 comperto
3221 4397 3297 4443 est
3330 4395 3479 4458 gente

148 4483 376 4539 editam
428 4481 805 4538 Bibliothecam
848 4480 963 4536 Nic.
1005 4478 1227 4534 Antonii
1264 4478 1433 4534 valuit
1482 4478 1593 4534 fere
1639 4491 1760 4546 aput

1887 4493 2044 4559 fuisse
2070 4490 2358 4545 litterarum
2382 4485 2616 4552 alumna,
2648 4483 2937 4538 studiorum
2962 4477 3182 4548 hutrice,
3210 4476 3480 4532 Musarum

150 4592 407 4643 outncs,
439 4578 681 4648 quamvis
728 4591 887 4631 nemo
922 4575 1032 4645 jam
1078 4575 1460 4630 eommentitiis
1508 4572 1760 4629 chronici:

1885 4584 2087 4647 colona,
2110 4589 2157 4636 et
2186 4578 2349 4649 ipsius
2370 4576 2624 4641 Parnassi
2642 4585 2794 4643 atque
2820 4572 3087 4628 Heliconis
3113 4568 3302 4625 tumulo
3317 4608 3333 4634 ,
3355 4584 3481 4639 gen-

151 4670 342 4727 ﬂdem
387 4679 648 4739 praestet;
689 4669 802 4725 sive
829 4669 1089 4723 rationem
1134 4666 1313 4722 νειεωί
1341 4666 1464 4722 inde
1498 4668 1760 4734 roborent,

1884 4677 2096 4746 tilesque
2123 4674 2357 4734 habuisse
2376 4688 2439 4727 ea:
2458 4671 2638 4741 priscis
2660 4670 2763 4724 illis
2786 4668 3098 4724 ethnicorum
3121 4664 3278 4734 poetis
3301 4662 3479 4719 Serti-

152 4761 321 4835 quod
348 4760 408 4818 S.
432 4761 702 4832 Eugenius
719 4762 869 4832 jussu
892 4761 1033 4832 regis
1056 4761 1108 4816 in
1136 4761 1406 4817 Dracontii
1436 4762 1774 4819 emendatio-
1886 4768 2014 4822 lium
2043 4764 2341 4830 Heminam,
2374 4763 2641 4827 Senecam,
2686 4759 2976 4824 Lucanum,
3019 4756 3331 4810 Victorinum
3359 4753 3481 4809 Sta-

153 4872 300 4912 nem
344 4854 681 4921 incubuerit,
718 4854 860 4925 quod
892 4853 1036 4910 hunc
1067 4864 1337 4909 auctorem
1372 4854 1665 4924 Hispanum
1697 4854 1778 4910 in-
1887 4860 2098 4925 torium,
2120 4853 2476 4923 Columellam,
2507 4853 2700 4910 Silium
2722 4851 2985 4917 Italicum,
3016 4848 3319 4913 Decimium,
3345 4844 3484 4899 Lici-

151 4953 365 5007 dieare
391 4960 601 5020 potest,
629 4952 741 5006 sive
763 4992 778 5018 ,
811 4960 869 5007 ut
897 4966 997 5021 ego
1025 4950 1194 5019 magis
1221 4948 1473 5017 arbitror,
1504 4965 1567 5004 ex
1598 4949 1776 5020 aliqua
1886 4953 2095 5007 nianum
2118 4990 2135 5017 ,
2175 4949 2451 5005 Caninium
2497 4947 2691 5019 Rufum
2715 4986 2731 5013 ,
2780 4943 3074 4999 Martialem
3101 4983 3118 5009 ,
3149 4940 3480 4995 Hadrianum

146 5042 473 5099 traditione
511 5052 604 5098 aut
629 5058 732 5099 ms.
762 5042 949 5099 codice
974 5052 1149 5098 ortum
1172 5043 1289 5098 haec
1316 5043 1580 5099 sententia
1609 5042 1777 5099 duxe-
1882 5045 2272 5115 imperatorem,
2317 5040 2529 5096 Festum
2584 5039 2853 5101 Avienum,
2894 5035 3155 5107 Aquilium
3195 5033 3482 5099 Severum;

147 5138 264 5204 rit,
294 5152 425 5206 quae
447 5135 645 5193 deinde
667 5137 736 5190 ad
761 5136 994 5207 reliquos
1015 5135 1427 5206 permanaverit.
1451 5134 1780 5202 Gallandius.
1889 5147 1958 5205 et,
1988 5154 2052 5192 ex
2075 5136 2480 5192 Christianorum
2499 5150 2671 5206 grege,
2697 5131 3098 5194 Metronianum,
3125 5127 3477 5196 Tiberianum,

145 5231 261 5300 qui
317 5244 389 5285 cx
431 5229 667 5285 editione
714 5229 1088 5286 Sirmondiana
1138 5228 1480 5284 Dracontium
1530 5237 1663 5285 tom.
1715 5229 1784 5285 IX
1890 5230 2208 5293 Iuvencum,
2246 5227 2589 5283 Prudentium
2620 5235 2792 5291 tuum,
2825 5223 3133 5288 Damasum,
3171 5220 3482 5285 Leandrum,

146 5339 289 5379 sua:
311 5321 575 5397 Bibliotb.
603 5324 852 5385 inseruit,
874 5322 1013 5377 banc
1029 5321 1295 5377 rationem
1314 5320 1607 5391 probabilis
1628 5320 1788 5391 hujus
1896 5321 2252 5393 Fulgentium,
2270 5317 2556 5386 lsidorum,
2578 5325 2625 5372 et
2640 5332 2785 5387 quem
2806 5330 2967 5383 nuper
2989 5312 3176 5368 nobilis
3194 5321 3242 5368 et
3265 5311 3484 5383 eleganti

142 5414 478 5474 sententia
507 5404 786 5485 adjungit,
816 5414 960 5486 quod
1000 5413 1282 5469 illustrium
1314 5412 1537 5467 virorum
1586 5414 1671 5484 qui
1708 5430 1789 5469 res
1896 5413 2099 5486 ingenio
2121 5412 2415 5467 adolescens
2445 5408 2751 5465 Laurentius
2780 5406 3091 5462 Itamiresius
3115 5404 3348 5475 princeps
3376 5402 3489 5456 vul-

141 5524 358 5564 sacras
389 5508 618 5562 carmine
644 5508 962 5576 cecinerunt,
994 5507 1240 5575 Iuvenci,
1280 5505 1574 5572 Prudentii,
1619 5504 1793 5559 Mero-
1903 5507 2056 5582 gavit,
2091 5506 2380 5562 Orontium.

140 5598 370 5657 baudis
395 5640 413 5666 ,
467 5601 580 5672 εδ
633 5600 855 5655 aliorum
922 5599 1069 5671 ferax
1127 5611 1278 5652 antea
1340 5599 1601 5653 exstiterat
1652 5599 1794 5655 natio
1976 5600 2065 5656 55.
2101 5596 2311 5655 Profert
2341 5596 2458 5653 Nic.
2488 5595 2754 5655 Antonius
2777 5594 2939 5652 verba
2968 5591 3319 5651 eommentitii
3349 5589 3491 5646 Hau-

141 5694 460 5763 Hispana,
483 5701 537 5747 ut
558 5702 830 5765 propterea
847 5710 932 5748 eos
952 5693 1223 5748 amulatus
1256 5707 1405 5747 suum
1440 5690 1790 5749 Hexaemeron
1900 5691 2043 5749 berti
2082 5689 2419 5762 Hispalensis
2452 5705 2521 5746 ex
2556 5689 2811 5747 chronieo
2843 5688 2910 5745 ad
2944 5703 3142 5746 annum
3183 5686 3310 5752 455,
3340 5699 3487 5738 num.

145 5783 435 5862 paruerit
449 5800 648 5857 quoque
670 5785 999 5842 Dracontius.
1901 5785 1972 5873 2t
1995 5826 2009 5852 ,
2048 5786 2270 5843 Sanctus
2305 5783 2383 5840 uir
2412 5782 2720 5865 Dracontius
2760 5784 2904 5842 Osca:
2937 5782 3303 5839 Celtiberorum
3343 5777 3488 5843 obiit,

479 5878 751 5941 Parnos.
803 5880 908 5941 LX
3105 5876 3185 5936 20

1884 4311 2046 4367 verba
2079 4309 2271 4379 quibus
2299 4304 2678 4364 Dracontium,
2702 4300 2931 4355 aliorum
2964 4297 3307 4369 opinionibus
3334 4294 3477 4363 reje-
