3994 6290
119 343 215 406 ωἱ

1505 347 2020 408 PROLEGOMENA
2038 391 2050 407 .

3319 369 3422 428 ω

120 464 293 535 elegia
328 464 671 534 postmodum
720 463 1018 519 ostendam.
1051 463 1257 520 ltit'erea
1306 461 1434 518 illud
1463 465 1715 529 monebo,
1747 443 1936 526 Anuli
1965 477 2188 536 peccato,
2222 469 2284 523 de
2310 469 2574 528 Sententia
2618 471 2733 534 Dei.
2784 473 3052 532 EPISTOM
3102 475 3412 544 Duconrtt.

121 563 321 616 mirum
355 575 478 617 esse
503 561 644 632 quod
678 561 792 617 haec
821 562 1120 630 inscriptio,
1153 559 1417 630 siquidem
1449 561 1502 614 in
1534 561 1722 615 codice

122 657 424 726 Azagrensi
473 664 669 722 exstat,
723 672 748 707 a
789 655 992 710 Grialio
1044 669 1148 710 non
1202 655 1361 710 fuerit
1404 657 1721 711 observata:

122 763 245 803 nam
273 747 516 803 Grialius
539 748 591 802 in
617 757 729 802 not.
763 746 827 800 ad
861 747 952 801 lib.
987 761 1042 801 vr
1074 746 1334 816 Etym..S.
1369 746 1578 810 lsidori,
1603 762 1721 812 cap.

123 846 174 904 9,
207 841 355 897 duos
383 843 503 913 ejus
534 855 724 896 versus
753 840 958 910 profert
1003 841 1054 894 in
1105 841 1291 895 codice
1321 840 1612 908 Asagrensi
1643 855 1726 894 re-

125 943 336 1003 pertos,
369 945 427 988 et
453 935 507 988 in
537 942 648 987 not.
683 932 750 986 ad
781 933 875 986 lib.
902 948 994 996 xu,
1022 947 1138 999 cap.
1168 932 1222 994 2,
1252 931 1493 1000 ejusdem
1526 931 1728 986 codicis

126 1027 398 1092 meminit,
431 1041 493 1082 ac
522 1026 681 1080 simul
712 1024 945 1080 aﬂirmat
968 1026 1307 1080 Dracontium
1333 1040 1468 1094 opus
1498 1039 1590 1090 sex
1615 1025 1730 1080 die-

125 1135 244 1174 rum
301 1118 668 1192 Athanagildo
695 1129 956 1190 regnante
1008 1120 1396 1188 composuisse.
1450 1119 1611 1188 Igitur
1637 1129 1728 1176 aut

128 1213 415 1286 inscriptio
447 1212 642 1283 Elegia:
673 1212 737 1266 ad
770 1210 1130 1266 Theodosium
1182 1220 1308 1266 tunc
1352 1212 1405 1264 in
1450 1226 1516 1265 eo
1541 1211 1730 1266 codice

130 1319 234 1360 non
265 1313 408 1368 erat,
435 1315 529 1358 aut
550 1301 807 1369 Grialius,
834 1319 955 1356 eum
982 1303 1100 1357 huic
1127 1303 1363 1371 scripsit,
1395 1305 1631 1357 animum
1663 1303 1728 1359 ad

128 1410 249 1450 eam
306 1409 417 1449 non
472 1394 722 1449 advertit.
779 1394 960 1464 Neque
1004 1409 1131 1448 vero
1179 1408 1376 1466 negare
1405 1403 1491 1450 est.
1520 1395 1732 1451 animus

133 1487 486 1542 Dracontium
506 1486 811 1542 Theodosio
837 1485 1058 1541 iuniore
1081 1487 1407 1556 imperatore
1437 1487 1728 1552 claruisse;

131 1582 225 1636 sed
256 1582 311 1636 id
340 1580 464 1636 aliis
509 1581 804 1636 rationibus
829 1581 1165 1651 probandum
1197 1595 1318 1636 esse
1347 1580 1638 1645 contendo,
1670 1596 1734 1636 ac

133 1674 353 1727 demum
389 1671 648 1742 probabo,
688 1681 971 1740 postquam
1019 1670 1087 1726 de
1134 1671 1408 1727 codicibus
1441 1686 1570 1727 mss.
1606 1673 1734 1727 Dra-

135 1761 297 1818 contii
337 1775 392 1819 et
428 1763 496 1819 de
515 1762 841 1819 coitionibus
863 1762 1123 1818 hactenus
1154 1762 1305 1818 lactis
1338 1765 1498 1818 verba
1530 1763 1730 1820 fecero.

765 1896 990 1961 CAPUT
1039 1896 1102 1952 V.

596 2012 808 2066 Codices
836 2028 957 2066 mss.
989 2010 1276 2071 Dracontii.

203 2129 295 2183 ‘57.
333 2127 416 2181 De
467 2125 651 2181 codice
702 2125 971 2179 Dracontii
1024 2140 1183 2194 quem
1211 2124 1410 2178 steculo
1455 2141 1484 2178 x
1518 2125 1734 2180 circiter

136 2221 462 2275 bibliotheca
492 2218 801 2274 monasterii
851 2217 1134 2272 Bobiensis
1182 2218 1512 2281 asservabat,
1564 2217 1738 2287 deque

134 2313 237 2371 alio
270 2314 485 2379 codice,
508 2320 601 2366 aut
625 2312 852 2367 fortasse
882 2309 1093 2375 eodem,
1118 2309 1207 2381 qui
1237 2311 1288 2364 in
1315 2309 1530 2364 laudato
1555 2325 1739 2364 mona-

132 2406 301 2460 sterio
327 2403 528 2458 smculo
552 2417 619 2456 xv
645 2411 875 2457 exeunte
909 2411 1154 2472 repertus
1198 2409 1301 2465 est,
1340 2399 1448 2455 dixi
1493 2415 1640 2454 num.
1666 2401 1734 2454 27

132 2510 183 2553 et
221 2499 316 2556 28.
1575 2503 1581 2512 ’

203 2591 297 2647 38.
333 2589 573 2659 Exposui
601 2589 760 2644 etiam
807 2604 957 2642 num.
984 2587 1053 2642 29
1080 2601 1188 2657 quo
1216 2587 1399 2642 codice
1423 2602 1550 2642 usus
1578 2586 1738 2642 fuerit

136 2683 397 2740 lorelius
428 2683 480 2738 in
517 2681 755 2736 editione
784 2683 954 2751 prima
983 2679 1274 2735 Parisiensi
1304 2678 1574 2736 Dracontii
1612 2696 1740 2736 con-

134 2777 392 2832 ﬁcienda.
428 2773 853 2830 Montfanconius
877 2773 928 2827 in
971 2772 1108 2827 Bibl.
1142 2772 1390 2827 biblioth.
1426 2788 1581 2842 mss.,
1614 2788 1734 2842 pag.

137 2870 301 2936 1570,
338 2869 478 2923 inter
504 2867 673 2921 libros
695 2865 1038 2921 bibliotheca:
1060 2864 1118 2920 S.
1140 2864 1367 2919 Victoris
1392 2865 1734 2935 Parisiensis,

136 2961 238 3015 col.
267 2961 330 3026 2,
360 2959 442 3013 sic
481 2957 644 3012 refert
669 2972 685 3011 :
729 2955 1089 3017 Draconicius,
1119 2956 1183 3009 de
1206 2956 1370 3026 Opere
1395 2971 1484 3009 sea:
1514 2956 1732 3009 dierum.

137 3051 232 3106 llic
261 3062 350 3107 est
381 3050 718 3114 Dracontius,
748 3058 804 3103 et
835 3047 940 3113 hic,
973 3047 1183 3117 opiner,
1219 3056 1302 3102 est
1329 3047 1498 3102 codex
1535 3062 1598 3101 ex
1631 3063 1737 3117 quo

137 3145 374 3214 primum
425 3142 620 3214 prodiit
649 3142 986 3196 Dracontius.

1827 555 1975 610 Liber
1993 557 2343 623 Quaestionum
2364 564 2418 617 in
2441 565 2654 621 Genesin
2674 583 2740 622 ea:
2758 568 3059 640 Augustino,
3085 568 3418 642 Hieronymo,

1828 649 2114 713 Ambrosio,
2149 651 2378 722 Hilario,
2410 655 2637 724 Isidoro,
2670 658 2946 716 Eucherio.
2985 661 3189 730 Dicitur
3215 663 3304 719 hic
3328 679 3419 719 co-

1827 741 1928 794 dex
1955 757 2074 798 esse
2097 747 2522 815 antiquissimus.
2553 749 2848 819 Epistolam
2875 752 3145 810 Dracontii
3170 755 3421 812 existimo

1830 847 1952 885 esse
1979 833 2217 902 Elegiam
2257 836 2320 891 ad
2349 835 2700 895 Guntharium
2751 857 2956 912 regem,
2985 844 3053 915 de
3080 860 3184 918 qua
3213 858 3417 914 postea.

1831 922 1970 977 Nihil
2005 925 2149 980 aliud
2180 927 2232 982 in
2257 926 2649 986 Montfauconio
2680 935 2890 1002 reperio
2920 938 3060 1007 quod
3089 935 3153 992 ad
3190 937 3420 994 Dracon~

1833 1015 1962 1069 tium
1997 1025 2238 1073 nostrum
2263 1021 2536 1087 pertinere
2560 1023 2744 1090 possit.

1904 1108 1992 1162 4t.
2030 1109 2104 1165 De
2121 1111 2473 1167 celeberrimo
2489 1115 2676 1170 codice
2699 1116 2974 1175 Michaelis
3003 1103 3171 1178 Ruizii
3202 1122 3425 1192 Azagra:

1833 1200 2095 1270 agendum
2121 1218 2262 1257 nunc
2293 1213 2391 1258 et.
2444 1204 2674 1261 Primam
2707 1209 2820 1276 ejus
2852 1211 3176 1268 mentionem
3209 1213 3424 1268 invenio

1834 1292 1973 1362 apud
2004 1295 2347 1350 Ambrosium
2383 1297 2609 1354 Morales
2668 1299 2755 1356 tib.
2810 1317 2884 1363 xl,
2929 1319 3048 1371 cap.
3107 1304 3198 1368 54,
3231 1305 3424 1361 deinde

1834 1388 1973 1453 apud
2003 1387 2248 1442 eumdem
2303 1390 2558 1453 Azairam
2607 1391 2658 1446 in
2714 1391 2948 1447 editione
2977 1392 3193 1464 Corippi
3220 1436 3236 1462 ,
3280 1413 3422 1466 qum,

1837 1480 2087 1548 quoniam
2112 1496 2228 1535 rara
2263 1494 2365 1546 est,
2393 1488 2494 1537 hoc
2517 1484 2635 1538 loco
2663 1483 3018 1540 describetur.
3055 1485 3265 1556 Corippi
3290 1489 3427 1559 Afris

1836 1573 1952 1624 cani
1973 1576 2292 1642 grammatici
2320 1574 2396 1629 De
2423 1575 2659 1630 laudibus
2711 1576 2905 1631 Justini
2955 1580 3171 1650 Augusti
3217 1580 3426 1638 minoris

1840 1662 2042 1717 heroico
2073 1665 2297 1720 carmine
2318 1665 2434 1720 libri
2459 1667 2566 1731 IV,
2613 1685 2747 1722 nunc
2774 1669 2998 1738 primum
3051 1687 3077 1724 e
3124 1671 3338 1726 tenebris
3379 1673 3428 1726 in

1841 1755 2005 1810 lucem
2035 1761 2260 1830 asserti:
2305 1761 2508 1815 echo/iis
2546 1763 2696 1816 etiam
2741 1773 2788 1816 et
2829 1764 3262 1830 observationibus
3307 1767 3429 1822 illu-

1757 1837 1809 1898 Β
1837 1855 1985 1907 strati
2016 1869 2104 1924 per
2133 1852 2436 1908 Michaelem
2471 1855 2714 1909 Ruizium
2743 1857 3014 1927 Azagrium
3036 1857 3340 1913 Celtiberum
3362 1859 3431 1913 ad

1842 1946 2104 2001 Albertum
2149 1947 2461 2001 cardinalem
2505 1947 2828 2001 archiducem
2877 1947 2986 2022 35
3029 1949 3268 2006 Austriw.
3325 1951 3430 2006 An-

1843 2038 2053 2103 tuerpia!
2075 2053 2138 2090 ex
2165 2038 2374 2107 ofﬁcina
2415 2037 2768 2106 Christopltori
2803 2039 3028 2094 Plautini
3086 2042 3244 2108 1581,
3291 2043 3428 2099 iit-8.

1845 2127 2082 2195 Epistola
2114 2127 2442 2182 dedicatoria
2486 2129 2605 2182 data
2656 2141 2767 2184 erat
2812 2131 3005 2186 Matriti
3054 2131 3214 2200 1579,
3248 2135 3298 2189 in
3328 2151 3430 2203 qua

1846 2222 2051 2292 Azagra
2083 2237 2141 2276 se
2171 2221 2298 2276 olim
2351 2223 2570 2277 servitio
2624 2225 2944 2280 Ferdinaudi
2996 2226 3334 2296 imperatoris
3379 2239 3432 2286 et

1847 2315 2189 2369 Maximiliani
2222 2313 2468 2383 Caesaris,
2502 2324 2623 2370 tunc
2652 2316 2858 2374 Rudolli
2889 2318 3134 2384 Cmsaris,
3163 2319 3431 2378 addictum

1847 2418 2252 2463 commemorat.
2286 2407 2415 2463 Post
2455 2410 2694 2464 carmina
2749 2412 2961 2480 (lorippi
2991 2413 3206 2469 additur
3257 2418 3432 2482 votiva

1846 2501 2130 2568 gratulatio
2158 2501 2372 2555 heroico
2398 2503 2638 2556 carmine
2668 2517 2760 2571 per
2792 2504 3038 2558 eumdem
3081 2507 3336 2578 Azagram
3365 2507 3432 2562 ad

1849 2592 2268 2646 Maximilianum
2309 2592 2349 2646 ll
2380 2592 2721 2662 designatum
2748 2594 3121 2663 imperatorem
3152 2597 3433 2656 Francia:-

1847 2683 1950 2738 dize
1979 2683 2045 2738 ad
2075 2683 2304 2739 anum
2333 2695 2541 2740 cantata
2571 2701 2708 2740 anno
2749 2687 2905 2742 “$62.
2949 2688 3006 2743 In
3049 2689 3434 2748 observationi.

1848 2775 1947 2830 bus
1979 2777 2138 2846 igitur
2167 2778 2231 2859 ad
2263 2778 2582 2848 Corippum,
2617 2780 2771 2848 paulo
2803 2790 2922 2850 po~t
2953 2782 3160 2836 initium
3192 2766 3323 2854 pag.
3343 2785 3434 2858 7i,

1851 2867 1962 2920 haec
1996 2867 2152 2920 habet
2200 2868 2438 2936 Azagra:
2490 2866 2554 2920 In
2607 2880 2776 2923 nostra
2824 2872 3120 2939 exemplari,
3175 2875 3332 2942 quod,
3375 2885 3431 2928 ut

1846 2957 1973 3012 alibi
2002 2959 2072 3019 ad
2091 2976 2218 3028 opus
2253 2959 2515 3012 Dracontii
2542 2971 2700 3026 poeta-
2749 2961 2809 3014 ἀι»
2837 2959 3054 3015 Fabrica
3084 2966 3262 3018 mundi
3295 2973 3342 3018 et
3364 2966 3434 3018 ad

1847 3053 2082 3105 carmina
2117 3053 2269 3105 simul
2315 3051 2384 3105 D.
2433 3049 2647 3122 Eugenii
2695 3054 2915 3123 episwpi
2961 3054 3192 3110 Tali-lani
3247 3057 3435 3126 diffuse

1847 3145 2050 3214 praefati
2075 3161 2270 3210 sumus,
2301 3161 2400 3197 non
2433 3159 2494 3196 ea:
2540 3147 2864 3218 conjecturis,
2894 3147 2982 3199 sed
3023 3147 3126 3216 ﬁde
3153 3151 3302 3214 plane
3328 3166 3433 3214 cei;

202 3236 299 3292 59.
333 3209 484 3291 Idem
511 3233 934 3290 Monliauconius
982 3246 1102 3303 pag.
1151 3231 1256 3288 153
1285 3229 1492 3302 profert
1522 3235 1730 3287 cataloa

1850 3240 2062 3306 tissima,
2091 3247 2286 3293 constat
2313 3247 2430 3292 ante
2454 3239 2792 3311 septingentos
2823 3249 2866 3293 et
2906 3256 2964 3294 eo
3007 3243 3226 3304 amplius
3274 3259 3433 3297 annos

137 3345 264 3400 gum
291 3338 566 3398 repertum
597 3328 647 3380 in
677 3341 805 3382 mss.
833 3326 896 3379 D.
935 3324 1140 3381 Claudii
1170 3325 1442 3396 Eliennot,
1475 3326 1590 3382 sive
1620 3328 1742 3382 Ste-

140 3421 411 3492 phanotii,
435 3436 541 3490 quo
558 3421 663 3492 33
689 3421 899 3476 diversa
928 3433 1088 3488 Opera
1120 3429 1468 3475 recensentur
1489 3431 1740 3491 tanquam

140 3519 193 3572 in
224 3513 561 3572 bibliotheca
594 3513 846 3570 Vaticana
876 3513 1186 3579 existentia,
1219 3523 1273 3569 et
1296 3513 1349 3569 in
1375 3514 1476 3569 hoc
1501 3517 1744 3586 catalogo

141 3617 478 3666 memoratur
520 3608 786 3662 Dracontii
836 3606 1212 3662 Hexaemeron.
1263 3607 1370 3664 Sed
1424 3609 1741 3678 quibusdam

140 3706 405 3774 operibus
447 3703 661 3759 additur
697 3717 958 3758 numerus
998 3701 1097 3757 sub
1129 3718 1235 3770 quo
1281 3703 1569 3771 quzerenda
1596 3715 1743 3770 sunt,

141 3797 471 3868 quibusdam
503 3811 606 3850 non
636 3794 882 3849 additur:
924 3802 980 3850 et
1008 3792 1237 3849 fortasse
1279 3795 1348 3848 ab
1393 3793 1746 3864 Stephanotio

142 3890 408 3945 adnotata
457 3889 508 3942 in
554 3901 653 3942 suo
680 3887 930 3955 catalogo
983 3893 1159 3951 erant,
1209 3895 1266 3940 ut
1317 3901 1376 3941 ea
1431 3886 1745 3958 inquireret.

143 3980 444 4036 Dracontio
465 3980 519 4035 in
547 3994 613 4035 eo
633 3979 878 4050 catalogo
909 3978 1086 4033 nullus
1115 3988 1298 4035 certus
1322 3994 1582 4036 numerus
1609 3981 1746 4037 assi-

142 4081 342 4141 gnatm
367 4089 382 4126 :
414 4085 585 4142 neque
609 4069 726 4140 eius
749 4069 1117 4126 Hexaemeron
1150 4070 1204 4124 in
1232 4070 1551 4128 bibliotheca
1581 4073 1750 4132 veteri

147 4163 411 4219 Vaticana
441 4163 728 4218 invenitur.
761 4162 816 4218 In
847 4161 1061 4218 schedia
1096 4177 1228 4218 mss.
1255 4163 1528 4221 Laurentii
1557 4166 1750 4223 Zacca-

143 4259 282 4328 gnii,
312 4257 650 4313 bibliothecas
673 4256 942 4312 Vaticanis
970 4257 1098 4311 olim
1129 4257 1387 4327 praefecti,
1421 4259 1562 4316 inter
1587 4275 1749 4333 opera

144 4350 378 4414 inedita,
413 4365 533 4419 quae
553 4350 670 4418 ipse
695 4348 914 4419 vulgare
933 4349 1224 4418 cogitabat,
1256 4350 1525 4406 Dracontil
1553 4367 1750 4408 nomen

144 4443 403 4498 similiter
430 4452 626 4508 exstat,
655 4456 761 4497 non
802 4442 1037 4496 indicato
1059 4442 1262 4496 codicis
1306 4457 1552 4500 numero.
1599 4445 1750 4510 Quod

143 4536 323 4606 magis
355 4534 631 4605 magisque
661 4533 945 4588 conﬁrmat
969 4532 1329 4601 suspicionem
1379 4549 1554 4589 meam
1585 4535 1754 4592 latere

145 4629 199 4682 in
229 4626 559 4682 bibliotheca
605 4625 856 4680 Vaticana
906 4624 1136 4695 aliquem
1189 4624 1429 4680 codicem
1478 4625 1751 4684 Dracontii

143 4723 234 4791 qui
287 4734 352 4774 ex
390 4719 716 4773 monasterio
745 4717 996 4773 Bobiensi
1028 4732 1056 4770 a
1083 4716 1288 4770 Tltoma
1315 4716 1547 4772 thdro
1572 4717 1752 4788 lnglti-

147 4813 332 4866 ramio
356 4811 516 4866 fuerit
543 4811 755 4879 allatus,
787 4825 961 4880 neque
999 4809 1245 4864 diversus
1269 4808 1340 4863 sit
1387 4810 1456 4864 ab
1497 4810 1588 4865 illo
1636 4813 1753 4881 ipso

144 4920 257 4973 quo
283 4905 340 4957 S.
369 4902 735 4957 Columbanus
764 4901 1036 4956 utebatur.
1074 4901 1126 4954 In
1170 4900 1348 4956 indice
1377 4901 1753 4960 Montlauconii

143 4997 237 5051 hic
270 4997 594 5050 Dracontius
622 5003 842 5048 rotatur
867 4995 1249 5048 Stratonicaius
1274 5010 1286 5058 ;
1321 5009 1506 5049 verum
1537 4995 1635 5050 hoc
1665 5013 1754 5052 co-

140 5104 389 5160 gnomen
414 5089 688 5157 proprium
706 5094 790 5142 est
817 5086 1098 5140 Dracontis
1119 5085 1478 5151 Stratoniczei,
1499 5088 1651 5158 cujus
1673 5102 1754 5144 est

141 5185 326 5239 codex
356 5183 577 5238 Graecus
621 5180 696 5236 De
738 5182 912 5235 metris
957 5181 1164 5250 poeticis
1210 5181 1264 5234 in
1311 5180 1553 5234 biblioth.
1611 5183 1752 5250 regia

141 5277 453 5334 Parisiensi
502 5275 643 5346 apud
674 5275 924 5331 eumdem
958 5273 1437 5341 Monti‘auconium,
1473 5290 1592 5344 pag.
1623 5275 1746 5343 946,

139 5383 198 5427 et
227 5384 364 5426 cum
397 5369 551 5423 titulo
577 5367 650 5421 De
680 5382 922 5422 mensura
953 5366 1235 5433 carminum
1249 5363 1437 5444 'Grtrce
1475 5368 1526 5418 in
1557 5381 1752 5436 papyro

1843 3332 2005 3396 fuisse
2033 3332 2358 3402 descriptum,
2402 3346 2596 3400 semper
2649 3346 2868 3387 TOTIENS
2921 3341 2967 3386 et
3022 3345 3312 3394 quotins.
3343 3374 3355 3387 .
3381 3373 3431 3387 ..

1846 3421 2102 3493 leguntur.
2143 3423 2451 3490 Descriptus
2480 3437 2606 3492 ergo
2637 3423 2808 3477 fuerat
2837 3422 3004 3478 codex
3036 3426 3234 3478 smculo
3273 3442 3322 3480 ιχ
3347 3436 3438 3480 aut

1848 3525 1995 3574 ante.
2024 3516 2134 3570 Hoc
2161 3517 2368 3582 codice,
2403 3517 2561 3570 simul
2600 3532 2739 3572 cmm
2783 3517 3069 3571 Dratontio
3099 3527 3151 3572 et
3178 3520 3436 3590 Eugenio,

1850 3609 2265 3664 continebantur
2292 3608 2529 3662 Carmina
2560 3607 2768 3678 Corippi
2821 3611 3024 3676 mutila,
3059 3611 3344 3680 multisque
3384 3613 3437 3667 itt

1852 3703 1986 3758 locis
2016 3713 2290 3770 cormpta,
2311 3718 2430 3772 qua!
2461 3711 2516 3756 ut
2544 3716 2644 3756 suo
2669 3703 2827 3756 nitori
2860 3703 3287 3766 resﬂtucrcntnr,
3321 3716 3439 3774 post

1856 3797 2112 3863 Azagram
2132 3793 2282 3848 multi
2307 3792 2411 3846 viri
2433 3793 2606 3848 critici
2631 3807 2846 3861 Operam
2872 3793 3214 3848 contulerunt
3242 3809 3390 3848 suam
3419 3811 3433 3846 :

1855 3887 2030 3941 nullus
2058 3887 2199 3940 enim
2228 3885 2360 3940 alius
2390 3874 2565 3940 adhuc
2590 3893 2833 3953 repertus
2881 3893 2963 3938 est
3019 3884 3185 3939 codex
3242 3886 3437 3940 carmi-

1854 3996 1982 4036 num
2013 3978 2250 4050 Corippi,
2283 3978 2386 4034 nisi
2419 3977 2558 4046 quod
2609 3979 2748 4034 idem
2783 3977 2982 4049 Azagra
3014 3994 3130 4049 pag.
3165 3979 3233 4035 89
3266 3989 3434 4049 notat,

1856 4075 2036 4143 plures
2069 4071 2335 4128 variantes
2360 4071 2639 4135 lectiones,
2679 4070 2743 4124 ad
2775 4069 3067 4140 marginem
3109 4070 3204 4126 lib.
3239 4087 3291 4124 Ill
3320 4087 3439 4125 ver-

1856 4171 1946 4222 s‘us
1975 4166 2130 4221 linem
2175 4165 2468 4236 appositas,
2499 4181 2563 4219 ex
2593 4164 2966 4234 antiquissimo
3011 4163 3280 4219 volumine
3305 4163 3440 4219 Ove-

1858 4261 2024 4315 tensis
2073 4259 2328 4314 Ecclesiae
2367 4273 2488 4314 esse
2533 4258 2809 4321 collectas,
2863 4257 2950 4312 ubi
3001 4259 3120 4311 dua:
3168 4258 3442 4313 orationes

1859 4352 2016 4421 legati
2061 4350 2201 4420 regis
2249 4353 2482 4404 Avarum
2513 4357 2566 4402 et
2601 4347 2796 4402 Justini
2845 4347 3184 4416 imperatoris
3221 4362 3286 4402 ex
3339 4348 3442 4400 Co-

1859 4445 2011 4515 rippo
2033 4443 2330 4510 desumpta:
2353 4457 2471 4494 cum
2497 4440 2612 4494 aliis
2631 4440 2792 4495 variis
2811 4439 3062 4510 operibus
3089 4440 3440 4509 legebantur:

1860 4535 2049 4602 quibus
2101 4533 2237 4588 adde
2283 4533 2348 4586 18
2379 4545 2569 4586 versus
2605 4531 2866 4586 orationis
2895 4529 3154 4596 Avarum,
3185 4532 3272 4601 qni
3304 4533 3443 4587 inter

1857 4627 2061 4683 Sidonii
2086 4626 2424 4694 aliorumque
2445 4625 2681 4679 carmina
2711 4640 2804 4693 pro
2827 4623 3134 4679 Sidonianis
3165 4623 3293 4678 editi
3318 4635 3444 4681 sunt

1856 4721 1924 4776 ab
1953 4722 2062 4776 Elia
2099 4721 2288 4774 Vineto
2316 4735 2456 4773 anno
2486 4717 2622 4772 1552
2647 4733 2709 4771 ex
2743 4718 2924 4772 codice
2949 4717 3290 4772 Santonensi.
3323 4718 3441 4786 Quo

1859 4815 2091 4884 majores
2121 4815 2338 4882 Azagrtc
2369 4809 2626 4864 habenda-
2649 4819 2773 4864 sunt
2804 4809 3010 4880 gratim,
3038 4811 3127 4880 qui
3160 4824 3280 4863 eum
3310 4813 3439 4863 scri'

1861 4915 2066 4977 plorem
2099 4922 2126 4958 a
2159 4903 2392 4958 tenebris
2441 4902 2728 4956 vindicavit
2758 4921 2772 4957 ε
2809 4918 2906 4956 nec
2935 4901 3115 4957 decuit
3157 4911 3304 4959 certe
3335 4901 3443 4956 Pc-

1863 5008 2000 5052 trum
2036 4999 2378 5052 Franciscnm
2405 4995 2740 5066 Fogginium,
2771 4996 2859 5066 qui
2891 5010 3010 5049 cum
3037 4995 3175 5050 notis
3199 4997 3438 5065 Azagrte,

1862 5091 2088 5144 aliorum
2119 5105 2180 5144 ac
2207 5090 2340 5152 Suis,
2371 5087 2452 5142 bis
2479 5088 2646 5142 edidit
2686 5086 3000 5156 Corippum,
3050 5101 3228 5142 acrem
3281 5088 3439 5146 hanc.

1864 5195 1961 5234 nec
2001 5195 2203 5241 veram,
2258 5178 2326 5232 de
2377 5184 2576 5246 Azagra
2611 5178 2748 5232 ferre
2801 5192 3084 5231 censuram
3127 5177 3181 5231 in
3232 5187 3345 5231 not.
3378 5178 3443 5231 ad

1862 5285 2076 5324 carmen
2110 5284 2365 5338 panegyr.
2395 5267 2448 5320 in
2483 5267 2689 5322 laudem
2723 5266 2996 5322 Athanasii
3026 5285 3036 5318 ε
3071 5264 3296 5320 Parcant
3321 5270 3444 5321 mihi

1861 5361 1970 5429 ejus
2004 5376 2172 5412 ntanes
2199 5375 2215 5412 :
2245 5361 2370 5413 satis
2407 5359 2522 5412 hinc
2548 5368 2678 5428 patet
2722 5360 2896 5427 quanti
2927 5359 3109 5412 valeret
3137 5359 3187 5411 in
3218 5360 3445 5428 legendis

137 5467 301 5519 inter
356 5461 524 5514 libros
578 5459 821 5530 presidis
845 5457 914 5513 de
957 5457 1139 5512 Mesne
1167 5499 1182 5526 ,
1218 5456 1344 5511 ibid.
1375 5497 1390 5523 ,
1439 5473 1556 5528 pag.
1590 5457 1747 5524 1526,

136 5557 405 5705 “taeta
430 5646 751 5704 bibliotheca
779 5645 1103 5701 cathedralis
1130 5643 1500 5699 Laudunensis
1525 5659 1554 5698 a
1577 5643 1748 5699 Mont-

136 5742 430 5808 fauconio,
481 5756 603 5810 pag.
654 5740 789 5795 1297
841 5738 1071 5794 refertur
1119 5739 1203 5792 hic
1232 5738 1400 5792 codex
1432 5753 1578 5792 num.
1623 5737 1746 5791 276.

136 5837 385 5890 Murum
416 5834 474 5888 S.
509 5832 696 5886 Hilarii
728 5830 1080 5886 Pictariensis.
1110 5832 1292 5885 Alcimi
1326 5831 1454 5884 Aviti
1482 5832 1541 5884 de
1575 5829 1751 5902 Origi-

1862 5462 1906 5506 et
1935 5451 2248 5522 corrigendis
2278 5467 2398 5504 mss.
2450 5449 2640 5520 Magno
2667 5467 2789 5504 sane
2817 5451 3005 5522 ingenii
3033 5452 3268 5505 acumine
3318 5469 3446 5522 (pus

1864 5560 1962 5597 non
1991 5553 2120 5607 erat,
2150 5555 2204 5596 ut
2233 5545 2415 5614 legeret
2463 5558 2694 5597 TBOPICIS
2749 5544 2768 5617 ι’
2796 5545 2845 5595 in
2877 5543 3081 5613 trcpicis
3101 5541 3121 5614 ]
3141 5586 3155 5610 ,
3188 5543 3448 5613 suppleret

1863 5653 2132 5693 vensmus.
2165 5638 2223 5692 At
2251 5638 2452 5706 Azagra
2484 5637 2731 5691 mendum
2776 5637 2992 5707 agnovit
3019 5639 3069 5691 in
3095 5638 3324 5707 trepicis,
3355 5637 3448 5691 sed

1863 5748 1968 5786 non
1997 5730 2222 5785 tentavit
2246 5728 2514 5797 corrigere
2547 5730 2788 5790 verbum,
2819 5727 2958 5798 quod
2986 5742 3084 5783 nec
3103 5727 3320 5798 Corippi
3345 5740 3444 5782 est

1865 5828 1970 5883 Nec
2005 5824 2242 5895 Fogginii
2274 5823 2633 5893 conjecturam
2659 5825 2905 5880 omnibus
2934 5826 3250 5894 placituram
3276 5836 3403 5892 puto
3430 5839 3444 5889 ;
