3994 6290
545 358 642 417 Βῆ

1960 344 2412 411 DBACONTIUS.

3718 346 3819 410 σει

519 466 833 532 'Dt‘acontio
879 475 1115 531 carmina
1172 468 1380 525 Martini
1423 465 1730 524 Dumiensis
1789 464 1976 529 edidit,
2034 464 2134 520 hoc
2162 467 2363 529 Asunt
2392 466 2639 522 dicenda.
2678 464 2808 521 Nam
2840 463 2907 520 de
2947 467 3167 535 Azagrie
3194 464 3448 520 brevibus
3487 466 3626 517 uotis
3678 462 3821 531 plura

518 564 738 619 eodem
771 564 958 621 codice
985 570 1111 620 usus
1139 562 1368 618 Videtur.

524 684 527 689 -
619 655 712 711 48.
743 656 923 713 Codex
970 656 1105 712 alios
1136 656 1190 711 in
1220 655 1410 711 eodem
1444 646 1690 725 catalogo
1718 652 1952 709 refertur
1985 660 2131 705 num.

528 745 959 820 .8321,‘partim
1006 749 1480 813 membranaceus,
1534 738 1723 816 partim
1778 744 2132 805 eltartaCeu's,

522 838 679 898 olim
704 840 1066 910 Colberlinus,
1094 842 1292 898 seculo
1321 848 1390 897 xv
1419 842 1692 908 exoratus,
1718 839 1772 894 in
1795 852 1902 908 quo
1928 834 1984 892 ϐο
2017 834 2138 890 loco

441 951 447 957 ’
553 935 766 1004 ponitur
781 936 1050 992 Dracontii
1069 935 1301 1015 Toletani
1324 951 1529 1015 carmen
1549 934 1611 988 de
1626 932 1791 1002 Opere
1814 946 1902 985 sea:
1918 928 2135 983 dieru‘cn.
2168 928 2175 935 ‘

522 1026 802 1084 -l-‘ortasse
831 1020 1196 1101 spographuiii
1229 1014 1311 1085 est
1336 1034 1399 1083 es
1430 1018 1703 1081 codices.
1730 1015 1963 1078 Victoris
1993 1018 2141 1074 Pari-

526 1120 763 1183 ~sicnsis,
807 1128 899 1176 aut
928 1119 1005 1175 illi
1036 1107 1252 1175 simile:
1293 1132 1416 1173 nam
1454 1114 1739 1187 inscriptio
1769 1112 1830 1167 de
1864 1108 2027 1182 Opere
2051 1114 2143 1164 sed:

535 1211 751 1265 .dtsrum
776 1211 967 1267 eadem
998 1220 1081 1267 est
1111 1210 1416 1282 utrobique,
1449 1216 1503 1264 et
1534 1218 1655 1264 cum
1685 1202 1888 1261 mentio
1916 1201 2141 1272 Eugenii

536 1316 659 1361 non
687 1312 957 1376 occurrat,
988 1308 1315 1364 credendum
1344 1316 1427 1363 est
1458 1300 1799 1361 emendatum
1831 1302 1931 1354 hoc
1952 1304 2142 1353 exem-

554 1398 672 1468 plar
698 1400 767 1455 ab
808 1401 1047 1472 Eugenio
1074 1412 1180 1457 non
1218 1400 1402 1456 luisse.
1451 1398 1586 1455 Vide
1619 1406 1770 1452 num.
1798 1392 1890 1449 29.

625 1492 716 1548 ιι).
747 1491 825 1548 Et
845 1488 1089 1564 Philippo
1104 1494 1317 1551 Labbeo
1332 1490 1463 1548 Nov.
1481 1486 1692 1547 Bibiiot.
1712 1502 1869 1552 mss.,
1883 1487 1996 1543 sive
2011 1486 2144 1555 Spe-

538 1585 685 1638 cim.
704 1588 871 1655 antiq.
893 1585 1017 1641 lect.
1034 1586 1085 1639 itt
1101 1580 1371 1640 Coronide
1384 1583 1613 1655 poetica,
1629 1580 1717 1635 ubi
1736 1572 1887 1650 plura
1907 1580 2144 1633 veterum

557 1677 793 1730 carmina
833 1686 931 1731 suo
963 1685 1205 1747 tempore
1255 1677 1489 1731 nondum
1534 1671 1679 1730 edita
1735 1666 2142 1730 commemorat,

561 1778 679 1838 pag.
711 1760 781 1823 58
831 1766 944 1822 haec
985 1766 1233 1836 prclcro:
1288 1764 1557 1820 Dracontil
1601 1765 1852 1820 nonnulla
1892 1760 2142 1825 carmina,

2230 559 2350 614 -dixi
2381 576 2527 615 nunt.
2558 559 2618 614 li
2668 575 2782 629 seq.
2818 559 2932 614 Nic.
2970 559 3254 626 Antonius,
3310 554 3406 615 ιιι).
3453 574 3485 613 v
3521 556 3659 613 Bibl.
3693 564 3817 622 νει..

2239 668 2357 722 cap.
2387 646 2441 720 5,
2474 662 2621 722 putat
2645 651 2937 708 editionem
2959 650 3392 706 Sirmoudianam
3419 651 3687 706 Dracontii
3709 664 3819 706 cor-

2241 745 2523 800 rectiorem
2556 760 2676 800 esse
2706 760 2866 813 quam
2903 741 3087 799 luisset
3119 741 3205 797 illa
3234 745 3300 798 ab
3332 745 3538 812 Azagra
3566 743 3820 811 promissa

2243 849 2297 893 et
2324 847 2529 908 parata,
2574 852 2750 908 neque
2798 836 2971 907 magni
3022 836 3285 890 interesse
3326 834 3469 898 quod
3519 834 3737 905 Eugenii
3771 846 3819 891 et

2219 928 2512 988 Dracontii
2541 928 2777 982 carmina
2824 935 2947 997 post
2974 927 3267 983 editionem
3303 925 3578 982 Sirmondi
3601 940 3667 982 ex
3699 942 3814 982 mss.

2246 1020 2467 1091 Azagrre
2526 1019 2886 1090 publicentur.
2950 1018 3213 1074 Dissentit
3267 1000 3545 1074 Florezius
3597 1029 3726 1073 tom.
3781 1019 3817 1073 ν

2246 1112 2398 1180 liisp.
2444 1126 2610 1178 sacr.,
2642 1120 2798 1167 tract.
2829 1112 2895 1177 5,
2926 1127 3046 1181 cap.
3079 1113 3135 1178 5,
3167 1113 3313 1183 quia,
3344 1120 3402 1166 ut
3431 1118 3599 1180 putat,
3630 1109 3817 1169 Hexae-

2250 1218 2435 1258 meron
2466 1194 2761 1268 Dracontii,
2797 1213 2952 1272 prout
2980 1205 3047 1258 ab
3077 1203 3318 1273 Eugenio
3344 1203 3444 1258 fuit
3473 1204 3814 1271 emendatum,

2251 1298 2302 1350 in
2334 1298 2465 1349 mss.
2500 1294 2724 1366 Azagrae
2746 1304 2941 1358 exstat,
2972 1311 3077 1349 non
3110 1297 3162 1349 in
3190 1294 3427 1350 editione
3443 1294 3814 1349 Sirmondiana.

2254 1387 2376 1442 litec
2410 1376 2547 1442 ratio
2583 1386 2715 1442 falsa
2749 1398 2851 1454 est,
2902 1384 3097 1458 52m
3127 1386 3345 1456 probavi
3387 1401 3535 1442 num.
3570 1387 3654 1441 12.
3688 1387 3816 1442 Alio-

2250 1484 2378 1552 quin
2424 1484 2586 1537 etiam
2625 1490 2746 1552 post
2781 1478 3058 1548 Sirmondi
3095 1480 3388 1536 editionem
3417 1496 3450 1537 e
3485 1495 3543 1536 re
3582 1479 3816 1537 litteraria

2256 1570 2460 1653 publica
2488 1583 2651 1639 esset,
2685 1582 2740 1630 ut
2784 1573 3159 1631 adnotationes
3188 1585 3242 1630 et
3267 1575 3592 1646 conjectura:
3618 1577 3815 1645 Asagrs:

2258 1668 2308 1721 in
2336 1666 2597 1736 publicam
2625 1668 2799 1723 lucem
2834 1653 3132 1738 prodirent,
3156 1683 3289 1738 quas
3310 1667 3560 1745 Barthius
3584 1670 3815 1724 maxime.

2263 1778 2386 1834 pere
2412 1762 2596 1818 videre
2626 1763 2895 1833 cupiebat.
2929 1763 3065 1818 Nam
3088 1764 3407 1819 Sirmondus
3438 1762 3576 1818 nuda
3603 1760 3815 1819 carmina

561 1834 661 1912 nisi
699 1862 832 1928 forte
886 1834 1127 1913 mentitttr
1167 1857 1454 1926 lnscriptlo,
1495 1858 1560 1912 iis
1613 1850 2010 1927 repet-addemus
2038 1868 2151 1924 qum
2181 1834 2231 1901 Β
2260 1856 2399 1929 typis
2425 1856 2678 1929 vulgavit,
2705 1860 2833 1926 quin
2858 1857 3016 1913 ullam
3043 1857 3371 1912 notationem
3398 1854 3682 1926 subiiceret
3703 1872 3717 1921 ;
3739 1871 3815 1912 ne-

560 1948 757 2019 pridem
787 1952 953 2007 emisit
980 1955 1035 2007 ln
1057 1950 1325 2022 publicum
1353 1962 1467 2005 cum
1498 1949 1760 2005 nonnullis
1786 1949 1904 2003 aliis
1933 1945 2154 2017 Engenii
2259 1966 2363 2020 que
2392 1951 2534 2005 enim
2563 1949 2862 2006 audiendus
2893 1960 2974 2006 est
3003 1949 3391 2020 Rodriguezius
3421 1951 3491 2005 de
3515 1947 3714 2019 αδδιτο,
3740 1950 3817 2020 qui

544 2040 797 2097 Toletani
818 2040 1043 2099 Iacobus
1066 2043 1399 2099 Slr‘mohdus.
1420 2042 1624 2111 Codex,
1647 2048 1705 2097 ut
1733 2040 1988 2107 arbitror,
2012 2038 2153 2108 apttd
2259 2045 2313 2099 in
2353 2042 2490 2099 Bibl.
2526 2042 2675 2113 Hisp.
2721 2042 3011 2101 Sirmondo
3040 2056 3206 2100 novas
3241 2053 3296 2100 et
3324 2042 3563 2100 eruditas
3599 2051 3741 2097 notas
3772 2044 3815 2097 in

562 2134 737 2202 ipsum
779 2130 1048 2192 stbetttn
1097 2135 1390 2191 exstabat:
1431 2146 1555 2191 nam
1601 2132 1728 2189 alibi
1774 2132 2155 2188 bibliothecam

2270 2138 2607 2195 Dracontium
2638 2139 2707 2193 ab
2735 2139 2914 2209 aliquo
2926 2139 3185 2209 deceptus
3213 2137 3443 2207 attingit.
3475 2137 3667 2191 Omitto
3693 2138 3816 2191 codi-

563 2226 704 2282 solet
733 2227 999 2298 indicare,
1036 2227 1124 2284 ubi
1154 2231 1371 2286 codices
1401 2234 1769 2284 asseruntur.
1798 2224 1933 2282 Cum
1976 2230 2155 2281 autem
2261 2246 2379 2285 cent
2410 2231 2769 2298 Azagreusem
2803 2230 3134 2301 aliquantum
3177 2230 3479 2285 auctiorem
3520 2241 3638 2283 esse
3661 2226 3820 2289 codice

548 2318 624 2373 in
649 2318 836 2375 codice
869 2319 1109 2376 carmina
1142 2320 1430 2378 Dracontio
1457 2321 1784 2386 tribuantur,
1831 2316 1933 2375 nisi
1965 2316 2157 2373 idonea
2264 2324 2685 2380 Sirmondiano:
2724 2334 2872 2380 certe
2915 2326 3121 2397 avuctiOr
3164 2340 3227 2380 ex
3270 2323 3363 2379 illo
3420 2322 3605 2379 codice
3651 2322 3821 2394 prodiit

550 2410 741 2483 ﬁlique
763 2413 905 2469 adsit
922 2413 1202 2470 dubitandi
1220 2416 1379 2481 ratio,
1402 2423 1587 2471 auctor
1608 2413 1927 2469 Dracontius
1948 2409 2160 2466 censeri
2266 2413 2447 2485 Elegia
2493 2413 2759 2472 Dracontii
2792 2416 2845 2471 in
2887 2417 3126 2472 editione
3148 2417 3445 2475 Matritensi
3473 2415 3819 2472 Toletanornm

552 2505 747 2564 debet.
777 2505 851 2562 Ex
882 2506 1025 2580 ctylo
1048 2506 1102 2563 id
1147 2506 1345 2579 conjici
1386 2515 1609 2578 posset;
1645 2501 1739 2563 sed
1770 2500 1984 2560 ubinam
2031 2512 2161 2574 gen-
2267 2508 2509 2579 Patrum,
2550 2509 2866 2580 additusque
2893 2510 3132 2566 estliber
3155 2525 3454 2565 carminum
3494 2507 3708 2581 Eugenii
3733 2518 3819 2563 non

571 2599 701 2654 tium
731 2596 854 2655 eum
884 2599 1126 2656 codicem
1175 2610 1319 2655 nunc
1348 2599 1518 2656 latere
1540 2596 1882 2654 existimem?
1910 2597 1955 2651 sl
1984 2605 2160 2651 tamen
2244 2596 2425 2658 antea
2477 2603 2764 2660 editorum.
2820 2603 2996 2673 Ipsum
3044 2603 3212 2658 Nicol.
3258 2602 3553 2658 Antonium
3592 2602 3642 2658 in
3687 2616 3821 2671 opera

569 2692 695 2750 latet
724 2733 740 2760 ,
781 2696 835 2749 el
884 2708 990 2750 non
1043 2697 1224 2764 potius
1273 2692 1570 2749 infortunio
1615 2690 1799 2762 aliquo
1857 2692 2164 2760 assumptus
2271 2693 2498 2764 Eugenii
2527 2705 2579 2750 et
2610 2693 2885 2750 Draconlii
2915 2696 3263 2751 brevissimas
3285 2703 3443 2749 notas
3471 2710 3571 2750 seu
3602 2693 3822 2749 lectiones

571 2783 749 2854 periit.
1030 2836 1037 2844 .
1143 2799 1149 2806 ·
2273 2788 2538 2843 variantes
2578 2787 2858 2857 scripsisse
2888 2770 3077 2843 auctor
3108 2788 3238 2843 mihi
3279 2797 3363 2843 est
3388 2786 3714 2860 nsyansius,
3745 2785 3821 2856 qui

642 2875 747 2949 ιι
763 2877 851 2933 50.
872 2877 1057 2934 Eidem
1072 2877 1438 2935 eruditissimo
1454 2876 2055 2948 Labbeoloc.cit.,pag.
2073 2872 2163 2940 59,
2273 2893 2365 2934 eas
2412 2895 2543 2935 mss.
2578 2894 2741 2946 penes
2783 2895 2842 2935 se
2873 2879 3140 2949 habebat,
3180 2890 3340 2952 atque
3379 2878 3547 2945 edere
3572 2876 3834 2949 aliquando,

572 2968 721 3028 hanc
749 2970 1019 3028 Dracohtii
1068 2974 1385 3029 memoriam
1429 2972 1638 3031 debeo:
1683 2966 1951 3028 Gisleberti
1985 2974 2168 3028 Attrete
2273 2973 2653 3052 cogitabathut
2682 2973 2916 3028 allirmat
2947 2972 2998 3027 in
3036 2973 3149 3027 Vita
3183 2972 3299 3028 Nic.
3336 2973 3555 3045 Antonii
3586 2973 3825 3042 premis”

584 3060 745 3118 Vallis
777 3061 973 3118 abbatis
1000 3065 1195 3121 ordinis
1223 3063 1571 3121 Cisterciensis
1619 3077 1794 3121 versus
1823 3066 1876 3119 tn
1906 3056 2169 3119 sanctissl-
2275 3060 2341 3118 ad
2374 3064 2669 3119 Censuram
2709 3054 2911 3121 Histor.
2943 3064 3205 3130 labulos.;
3236 3064 3332 3122 sed
3363 3066 3594 3121 fortasse
3619 3063 3699 3119 ba
3730 3074 3827 3123 sunt

575 3170 712 3210 mam
756 3154 1119 3212 eucharistiam
1150 3158 1277 3212 addi
1317 3160 1551 3230 poterant
1591 3166 1653 3214 ea:
1690 3156 1971 3213 Petaviano
2000 3157 2168 3210 indice
2199 3218 2241 3230 Δ
2276 3159 2471 3214 breves
2514 3159 2622 3213 illae
2653 3168 2795 3213 notia
2824 3169 2877 3213 et
2917 3159 3176 3225 lectiones
3202 3159 3473 3214 variantes
3500 3173 3633 3229 quas
3658 3159 3828 3225 Angit

576 3266 693 3327 eam
716 3249 1008 3305 centonibus
1033 3251 1101 3305 de
1128 3218 1422 3321 pttnitentia
1444 3266 1508 3306 ea
1525 3244 1826 3317 Dradontio,
1851 3249 2080 3304 oratione
2102 3248 2166 3301 atl
2275 3266 2409 3309 mss.
2455 3251 2693 3322 reliquit,
2730 3262 2778 3306 et
2822 3266 2882 3307 se
2914 3251 3110 3309 vidisse
3141 3260 3365 3306 testatur
3396 3218 3539 3305 Nic:
3554 3252 3789 3305 Antonius
3815 3292 3825 3314 ,

577 3338 840 3397 Christum
867 3343 1091 3397 versibus
1121 3342 1382 3407 Adonicls,
1430 3344 1494 3398 de
1519 3342 1688 3398 inlisa:
1713 3336 2169 3413 signiﬁcationibus
2275 3344 2364 3413 qui
2398 3343 2450 3398 in
2475 3340 2777 3413 Itujusmodi
2807 3354 3046 3399 veterum
3076 3341 3441 3399 monumentis
3462 3344 3829 3412 conquirendis,

578 3432 804 3503 elegiaco
819 3428 1062 3503 carmine,
1089 3437 1355 3505 praceptis'
1376 3433 1658 3489 moralibus
1684 3428 1907 3500 heroico,
1940 3440 1985 3488 et
2007 3429 2171 3505 pluri-
2276 3430 2488 3505 sibique
2515 3434 2897 3507 comparandis
2925 3435 3328 3490 curiosissimus
3349 3444 3467 3489 erat
3496 3444 3551 3489 et
3578 3434 3830 3505 diligentis

579 3525 673 3580 ιιι.
697 3525 835 3581 aliis.
858 3523 1128 3598 Scriptum
1151 3532 1266 3584 erat
1294 3526 1586 3594 Diacontib,
1610 3524 1704 3582 Sed
1727 3524 2010 3599 legendum
2041 3524 2172 3581 Dra-
2277 3528 2463 3582 simus.
2509 3526 2633 3582 Mihi
2676 3527 2910 3599 ignotum
2960 3528 3180 3581 omnino
3213 3539 3295 3583 est
3325 3542 3393 3582 an
3442 3527 3733 3598 Mayansins
3758 3541 3830 3587 res

580 3618 753 3673 sontis
780 3622 991 3674 constat
1029 3628 1097 3673 ex
1135 3614 1331 3682 indice,
1365 3620 1453 3688 qui
1483 3618 1648 3676 verbo
1681 3618 2018 3674 DRACONTIUS
2048 3624 2169 3674 etilli
2278 3621 2471 3677 breves
2500 3631 2654 3676 notas
2678 3622 2814 3694 typis
2841 3621 3190 3677 commiserit.

581 3707 759 3767 locum
789 3710 1141 3767 demonstrat.
1169 3710 1330 3767 Multa
1373 3719 1500 3766 sunt
1531 3713 1581 3765 in
1602 3709 1885 3766 .Drticonlii
1928 3710 2173 3780 poemate

582 3802 655 3859 de
680 3802 816 3872 060,
841 3804 1183 3875 potissimum
1210 3820 1339 3860 vero
1360 3804 1412 3860 in
1437 3802 1604 3875 elegia
1633 3800 1697 3859 ad
1730 3810 1911 3875 regem
1935 3795 2175 3859 Gunthe-

582 3895 749 3965 rlum,
778 3908 843 3952 es
872 3896 1069 3971 quibus
1097 3908 1357 3955 centones
1387 3896 1456 3954 de
1487 3899 1800 3968 pteuitentia
1830 3890 2021 3953 conlici
2054 3912 2178 3967 pos-

584 3984 730 4042 sint:
764 3992 825 4043 ut
842 3992 1069 4044 carmen
1100 3988 1159 4044 S.
1205 3988 1543 4056 Colur’nhnni,
1575 3988 1646 4044 de
1674 4004 1779 4059 quo
1808 3986 1995 4043 confer
2024 4004 2171 4042 num.

584 4076 639 4141 8,
669 4091 737 4134 ex
765 4076 1036 4134 Dracontii
1064 4074 1399 4149 aliorumque
1428 4080 1672 4136 versibus
1700 4094 1895 4152 magna
1927 4092 1991 4133 ex
2024 4088 2177 4150 parte

586 4166 859 4225 coalescit.
887 4168 1159 4226 centones
1184 4166 1235 4225 in
1268 4170 1429 4225 rebus
1450 4173 1621 4227 sacris
1651 4184 1717 4228 ex
1747 4172 1919 4243 poetis
1938 4173 2177 4242 profanis

586 4276 618 4318 s
671 4260 913 4319 Falwnia
968 4259 1141 4320 Proba
1185 4262 1508 4338 Sedulibque
1562 4266 1774 4323 collecti
1825 4274 2060 4323 exstant.
2120 4267 2174 4321 in

587 4364 905 4430 argumento
930 4350 1155 4429 profano
1183 4364 1431 4430 poemata
1475 4358 1825 4432 Hippodamia
1868 4371 1921 4417 et
1970 4361 2177 4416 Alceste

587 4453 721 4504 tom.
754 4446 822 4502 IV
848 4447 1073 4505 Collecl.
1104 4448 1311 4505 Pisaur.
1342 4451 1461 4505 sine
1481 4451 1758 4506 auctorum
1783 4452 2019 4518 nomine,
2055 4458 2178 4504 Cen-

586 4544 746 4595 tmtes
770 4544 896 4596 sunt
923 4554 991 4597 ex
1034 4538 1273 4612 Virgilio,
1306 4550 1367 4596 ut
1395 4541 1525 4596 mihi
1549 4540 1765 4613 quidem
1797 4542 1994 4613 legenti
2026 4540 2178 4596 vide-

585 4633 765 4691 batur.
796 4630 1081 4690 Poetarum
1116 4647 1393 4691 sacrorum
1418 4643 1615 4705 printer
1646 4634 1988 4689 Dracbntium
2018 4649 2178 4689 nemo

588 4726 725 4784 alius
747 4730 887 4784 nunc
911 4727 1146 4784 occurrit
1167 4741 1234 4784 ex
1258 4718 1413 4798 hujus
1434 4728 1678 4783 versibus
1700 4735 1957 4785 centones
1980 4726 2178 4783 fuerint

476 4840 481 4849 ι
587 4818 835 4875 conlecti.
880 4818 1043 4875 inde:
1089 4819 1425 4882 Pets'vianus,
1459 4828 1489 4874 a
1534 4818 1752 4876 Labbeo
1795 4818 2062 4887 laudatus,
2095 4828 2179 4875 est

588 4909 862 4981 catalogus
893 4910 1233 4967 bibliotheca
1265 4911 1555 4968 Alexandri
1586 4912 1809 4979 Petam,
1839 4928 1959 4984 quas
1988 4910 2053 4968 ad
2088 4928 2174 4970 re-

584 5006 765 5074 ginam
786 5007 996 5062 Succidi
1018 5002 1339 5062 Christinam
1369 5005 1609 5074 devenit,
1638 5005 1762 5062 inde
1789 5008 1856 5062 ad
1885 5004 2175 5063 bibliothe-

588 5110 707 5153 cam
758 5098 1093 5154 Vaticanum.
1139 5098 1758 5177 ﬂontlauconius,pag.
1806 5098 1875 5157 64
1917 5094 2173 5158 Biblioth.

589 5189 838 5247 biblioth.
882 5202 1015 5247 mss.
1038 5234 1054 5258 ,
1083 5206 1147 5249 ex
1179 5209 1242 5249 ea
1277 5186 1601 5251 bibliotheca
1643 5186 1934 5251 Alexandri
1976 5197 2177 5253 Petavii

588 5283 758 5340 refert
810 5285 949 5339 inter
997 5298 1126 5341 mss.
1181 5269 1519 5345 bibliotheca
1569 5278 1841 5345 Vaticana
1906 5289 2178 5345 Gisleberli

588 5379 770 5433 Aurea
819 5375 984 5434 Vallis
1006 5378 1203 5435 abbatis
1226 5381 1457 5437 carmen
1478 5376 1542 5437 de
1570 5372 1921 5439 Eucharistia.
1974 5380 2079 5437 Sed
2123 5381 2175 5437 id

586 5487 733 5529 nunc
753 5487 857 5528 non
879 5474 1143 5544 reperitur
1163 5474 1217 5530 in
1240 5471 1563 5532 biblioth'tma
1593 5470 1866 5541 Vaticana,
1897 5476 1975 5531 uti
1998 5474 2177 5545 plures

590 5564 678 5619 alii
709 5564 980 5622 Petavisni
1000 5553 1214 5623 codices
1240 5566 1637 5625 desiderantur.

658 5658 749 5716 5i.
786 5658 1014 5716 codices
1037 5660 1170 5716 alios
1203 5661 1491 5730 Dracontii,
1517 5665 1760 5734 quamvis
1786 5664 1839 5719 in
1871 5664 2052 5719 multis
2079 5676 2171 5717 ca-

588 5745 778 5817 talogis
805 5746 1053 5802 codicum
1096 5754 1227 5804 mss.
1270 5749 1557 5820 diligenter
1593 5751 1847 5821 quaesitos
1870 5792 1884 5816 ,
1933 5748 2179 5804 invenire

590 5850 698 5894 non
724 5841 890 5912 potui.
921 5840 994 5897 De
1016 5842 1155 5897 notis
1179 5856 1309 5898 mss.
1336 5842 1387 5896 in
1413 5841 1758 5899 Dracontium
1791 5857 1958 5914 pauca
1981 5857 2172 5913 super-

2208 5932 2259 5957 ν

2352 3712 2441 3771 5‘2.
2494 3715 2761 3771 Andream
2785 3715 3018 3771 Marcum
3046 3714 3252 3769 Burriel
3275 3713 3569 3769 editionem
3598 3712 3833 3767 Sirmondi

2280 3824 2402 3863 cum
2431 3807 2718 3878 Azagrensi
2742 3798 2930 3862 codice
2951 3807 3269 3869 contulisse,
3303 3805 3648 3875 lectionisque
3667 3803 3833 3867 discre-

2284 3902 2520 3969 pantiam
2567 3898 2855 3955 adnotasse
2901 3900 2966 3954 ex
3020 3899 3243 3971 liayerio
3286 3897 3470 3953 didici.
3525 3897 3591 3953 Et
3625 3897 3834 3968 quamvis
3944 3948 3945 3957 χ

2284 3990 2561 4046 Burrielus
2591 3991 2863 4045 communi
2896 3990 3132 4044 omnium
3163 3990 3350 4058 plausu
3397 3988 3723 4051 celebretur,
3749 3999 3834 4038 non

2290 4089 2560 4158 ingratum
2614 4088 2719 4142 erit
2763 4095 2939 4139 tamen
2992 4084 3106 4154 ejus
3161 4080 3342 4138 laudes
3385 4081 3453 4136 ab
3511 4078 3835 4137 eruditissimo

2289 4178 2517 4250 Bayerio
2546 4177 2731 4233 audire
2762 4177 2812 4230 in
2846 4186 2956 4230 not.
2990 4176 3055 4230 ad
3089 4174 3337 4230 Biblioth.
3375 4182 3480 4228 vet.
3516 4172 3627 4227 Nic.
3656 4170 3834 4226 Antonii

2284 4270 2377 4325 lib.
2413 4284 2489 4335 ιιι,
2522 4285 2640 4340 cap.
2682 4263 2757 4324 ὃς
2796 4266 3132 4321 Dracontium
3173 4266 3438 4322 Sirmondi
3473 4282 3589 4319 cum
3630 4262 3837 4329 Toletano

2292 4360 2559 4417 Michaelis
2592 4356 2763 4415 Ruizii
2796 4360 3009 4432 Azagra:
3039 4359 3211 4413 swcnlt'
3254 4375 3307 4412 XI
3340 4361 3515 4411 cod'ce
3554 4354 3776 4417 contulit,
3801 4364 3837 4406 ει

2284 4457 2539 4510 variantes
2570 4455 2809 4510 lectiones
2850 4453 3110 4507 adnotavit
3152 4451 3381 4506 Andreas
3428 4449 3635 4505 Marcus
3670 4447 3838 4502 Burriel

2290 4546 2412 4605 Sac.
2446 4545 2571 4602 .lesu
2605 4546 2879 4618 presbyter,
2916 4562 3103 4616 magno
3146 4549 3218 4600 rei
3250 4547 3518 4600 litterario:
3547 4544 3722 4597 danista
3744 4553 3841 4595 ante

2287 4660 2451 4697 annos
2498 4642 2689 4711 aliquot
2735 4649 3047 4707 prwmntnra
3091 4649 3250 4693 morte
3290 4637 3566 4706 abreptus:
3588 4651 3707 4705 quas
3747 4648 3840 4687 cunt

2288 4733 2528 4806 plurimis
2585 4735 2810 4802 ejusdem
2856 4732 3094 4800 stupendi
3149 4730 3300 4796 plane
3352 4728 3545 4782 laboris
3598 4737 3736 4795 atque
3774 4724 3839 4775 iu-

2288 4827 2501 4880 tlustriw
2543 4823 2752 4896 fetibus,
2793 4826 2847 4877 in
2892 4826 3082 4895 regiam
3132 4821 3488 4876 bibliothecam
3529 4818 3838 4899 Matritensetn

2287 4928 2461 4990 postea
2515 4915 2712 4970 delatas
2748 4916 3191 4985 autographasque
3228 4913 3296 4966 ad
3338 4929 3547 4965 manum
3575 4910 3743 4965 habeo.
3785 4907 3841 4961 De

2287 5008 2488 5066 codicis
2515 5017 2674 5064 :etate
2699 5009 2887 5064 confer
2914 5007 3056 5063 dicta
3085 5022 3232 5061 num.
3264 5006 3355 5062 45.
3392 5006 3467 5060 De
3499 5005 3717 5061 Burrieli
3745 5003 3839 5075 qui-

2287 5102 2409 5159 dem
2455 5100 2729 5173 diligentia
2779 5100 2956 5154 omnia
3004 5097 3132 5153 milti
3180 5097 3422 5167 polliceri
3460 5096 3670 5163 debeo;
3703 5095 3782 5151 sed
3805 5094 3840 5148 si

2287 5192 2461 5250 solum
2492 5194 2805 5250 varietatem
2837 5194 3117 5263 scriptura:
3150 5192 3288 5246 inter
3320 5190 3560 5248 codicem
3604 5193 3841 5260 Azagreu-

2287 5304 2401 5345 sem
2428 5297 2481 5344 et
2505 5286 2797 5344 editionem
2822 5284 3255 5342 Sirmondianam
3284 5283 3677 5351 animadvertit,
3701 5293 3747 5339 et
3768 5298 3844 5351 pe-
3944 5312 3945 5371 ξ

2287 5380 2521 5437 culiares
2546 5396 2670 5437 suas
2699 5379 3039 5450 conjecturas
3071 5393 3178 5434 non
3208 5378 3441 5448 adjecit,
3473 5377 3592 5449 ejus
3621 5376 3844 5432 lectiones

2288 5464 2558 5528 variantes
2608 5472 2784 5527 minus
2815 5486 2956 5526 nunc
2986 5478 3110 5525 sunt
3140 5469 3483 5535 necessariae,
3516 5467 3622 5542 43
3655 5482 3763 5524 cum
3799 5465 3843 5519 in

2290 5562 2535 5619 editione
2588 5556 2885 5618 Matritens'i
2926 5556 3241 5616 Dracontius
3288 5560 3548 5630 prodierit
3590 5574 3704 5616 cum
3734 5560 3844 5612 Au-

2290 5646 2473 5730 grensi
2502 5656 2705 5724 codice,
2738 5660 2793 5710 et
2815 5648 3185 5739 Sirmondiama
3213 5644 3451 5709 editione
3475 5651 3845 5725 diligentissima

2289 5747 2537 5804 collatus.
2569 5744 2956 5802 Animadverlo
2987 5744 3244 5814 praetcrea
3275 5744 3546 5801 diversum
3577 5762 3605 5798 a
3642 5745 3843 5801 Dracon-

2290 5834 2366 5898 tio
2384 5852 2503 5898 csse
2525 5839 2845 5912 Ce'pOniltm,
2869 5838 3019 5912 cujus
3043 5835 3414 5896 Hexaemeron
3443 5854 3542 5899 ms.
3570 5835 3843 5898 asservabat
