3994 6290
186 455 291 514 637

1587 413 2110 512 pantomimus.

3290 467 3460 540 oss

185 571 385 621 socium
427 577 471 621 et
513 568 754 623 amicitur.
801 568 923 623 Post
967 567 1100 623 hanc
1147 556 1548 638 inscriptionem
1599 567 1781 637 incipit
1813 573 1860 629 Α
1889 565 2213 639 Coutingere
2239 572 2397 627 etiam
2431 573 2599 641 potuit
2625 581 2681 626 ut
2712 589 2925 630 carmen
2958 571 3249 640 Dracnntii,
3278 594 3342 635 ea
3370 579 3459 634 lli-

185 661 358 729 elegia
385 662 452 715 ad
485 660 862 730 Vespasianum
894 679 907 714 :

312 776 356 826 Ο
390 784 555 825 custos
577 776 721 825 animi
748 771 954 836 Pylades
988 788 1113 825 utmc
1148 776 1270 824 alter
1296 776 1454 825 Oresti

374 838 585 901 Cugnite
609 847 739 899 sape
765 839 882 887 mihi
907 837 1207 900 Vespasiane
1235 837 1357 886 vale.

181 939 458 997 Scribiiur
490 939 698 995 Pilades
720 949 772 996 et
795 941 1025 996 Harcsti.
1052 941 1178 996 Post
1206 929 1462 1010 elegiam,
1488 951 1605 1009 qua:
1641 939 1780 994 vices

183 1027 397 1104 prologi
430 1034 597 1103 gerit,
626 1027 817 1102 incipit
844 1047 1058 1088 carmen
1086 1049 1099 1086 :

315 1145 404 1211 l_lle
431 1162 546 1211 ego,
573 1147 653 1207 qui
680 1147 815 1211 tenui
844 1146 1118 1211 modulatus
1137 1148 1346 1211 carmina
1375 1148 1552 1204 culmo,

314 1207 583 1265 Eurydices
608 1209 762 1256 cecini
789 1208 1028 1317 t‘uondam
1053 1221 1202 1271 grave
1231 1207 1428 1269 vulnus,
1452 1216 1502 1258 et
1526 1211 1663 1267 iratn,

317 1269 638 1317 Infernosuue
656 1269 784 1317 lacus
827 1273 1034 1317 inuueus
1057 1285 1099 1316 ιιι
1120 1273 1233 1317 πίοι-ρ
1255 1273 1495 1317 cothurno

317 1269 638 1331 InfernaSque
656 1269 784 1317 lacus
808 1269 1034 1331 linquens
1057 1269 1099 1316 in
1120 1273 1233 1331 njore
1255 1273 1495 1318 cothurno

318 1331 498 1394 Punica
525 1327 651 1394 bella
675 1331 838 1388 simul,
865 1327 915 1379 et
939 1339 1111 1381 mutua
1127 1327 1327 1394 vulnera
1347 1335 1511 1394 gentis

313 1393 562 1450 Ausonim,
581 1392 815 1454 l’uui‘ique
840 1394 977 1442 ducis
995 1407 1103 1442 cum
1129 1393 1231 1442 dira
1253 1392 1438 1453 paravit

318 1455 534 1516 Pessima
560 1455 840 1516 Tesipbune
870 1455 1109 1516 bellorum
1134 1459 1318 1503 semina
1343 1471 1352 1502 :
1391 1457 1478 1502 sed
1503 1467 1630 1503 nunc

319 1515 585 1565 lmmensos
610 1531 635 1562 a
653 1515 758 1564 stus
783 1517 997 1579 Cereris,
1021 1515 1291 1579 longosque
1317 1518 1570 1566 labores...

188 1620 261 1674 1ιί
300 1637 462 1689 porro
490 1625 658 1690 pergit
682 1631 1054 1692 argumentum
1090 1636 1416 1690 preponens.
1448 1621 1502 1675 in
1535 1620 1638 1676 line
1665 1623 1775 1690 epi-

188 1714 432 1782 taphium
464 1715 563 1767 hoc
589 1714 782 1784 legitur
808 1733 820 1767 ε

316 1795 474 1852 Sicula
502 1813 579 1852 tne
603 1807 776 1864 genuit
801 1805 964 1864 tellus,
979 1807 1176 1854 nutrivit
1195 1809 1344 1852 amica

374 1864 528 1915 Terra
550 1864 650 1915 suis
672 1867 905 1926 Calabris,
928 1867 1078 1915 Roma
1103 1867 1308 1915 cadaver
1334 1865 1495 1915 habet.

318 1927 518 1992 Exsulat
545 1944 569 1976 a
596 1931 744 1990 patria
763 1943 957 1992 corpus,
987 1942 1077 1977 non
1101 1928 1314 1985 exsulet,
1342 1941 1445 1988 ora,

387 1990 579 2044 Lector,
606 1993 666 2038 ah
689 1990 889 2040 auctore
909 1993 1110 2052 Spiritus
1133 1993 1248 2052 ipse,
1261 2002 1366 2036 suo.

314 2051 530 2114 Spiritus
555 2055 602 2101 in
640 2055 795 2101 varias
818 2051 947 2100 aurae
970 2051 1082 2100 dum
1104 2051 1292 2114 prosilit
1316 2051 1526 2111 umbras,

379 2113 622 2163 Tristltias
649 2115 804 2176 liquit.
831 2114 1017 2176 hospita
1041 2113 1195 2173 terra,
1222 2121 1344 2176 tuas.

319 2175 417 2238 Sed
449 2178 642 2237 repetit,
673 2175 844 2236 lector,
873 2175 1000 2238 quod
1027 2177 1174 2238 terris
1198 2175 1377 2222 abdidit
1402 2181 1534 2222 arcto

380 2237 645 2300 'l‘empore,
669 2252 766 2300 quo
782 2237 939 2287 tutum
967 2251 1044 2286 me
1069 2237 1191 2293 fore,
1218 2249 1404 2299 qua-so,
1431 2247 1568 2298 roga.

191 2320 300 2392 55
328 2318 406 2375 Ita
429 2323 523 2376 lius
552 2322 846 2376 versiculos
869 2322 1082 2390 scripsi,
1117 2319 1361 2391 quardam
1406 2319 1566 2373 verba
1611 2319 1778 2372 corri-

187 2405 326 2462 gens
361 2411 373 2445 :
406 2408 525 2446 nam
573 2394 828 2459 scriptum
877 2403 995 2448 erat
1035 2407 1175 2446 vers.
1211 2393 1244 2444 ὃ
1287 2408 1386 2444 mm
1429 2392 1624 2454 exsulat
1665 2406 1774 2450 ora,

189 2477 338 2516 vers.
375 2465 408 2518 4
438 2464 499 2516 ab
531 2477 721 2525 actore,
753 2465 893 2533 quod
929 2474 1106 2516 tamen
1141 2463 1356 2515 retineri
1401 2471 1603 2528 posset,
1635 2475 1776 2514 vers.

191 2533 244 2604 5,
278 2534 505 2604 Sp‘ritus
524 2535 575 2587 in
603 2549 756 2587 auras
771 2536 935 2589 varias
960 2533 1080 2587 dum
1107 2533 1298 2602 prefuit
1319 2533 1611 2596 umbror,et
1636 2545 1776 2584 vers.

189 2601 246 2668 7,
278 2601 400 2658 arto
424 2613 517 2672 pro
545 2610 704 2660 arcto.

262 2695 353 2751 15.
380 2699 658 2769 Anonymo
691 2697 774 2752 isti
807 2707 977 2766 poeta:
1007 2697 1120 2752 sive
1159 2697 1362 2762 SiCulo,
1411 2697 1524 2750 sive
1554 2693 1781 2749 Calabro

189 2789 434 2844 succedit
465 2792 516 2843 in
542 2792 726 2844 codice
755 2788 943 2843 Bunini
976 2789 1026 2842 Μ
1037 2790 1258 2843 ombritii
1301 2789 1371 2842 ad
1393 2787 1773 2851 sanctissimum

189 2881 458 2936 dominum
483 2880 704 2951 Symlum
733 2889 968 2950 quartum
996 2897 1248 2935 summum
1279 2880 1566 2950 pontiﬁcem
1589 2878 1652 2932 de
1677 2877 1780 2927 Ilo-

189 2973 389 3026 minito
435 2975 672 3042 parsio‘ne
717 2972 843 3026 iiber
887 2975 1103 3043 primus.
1157 2971 1334 3040 Elegia
1366 2972 1431 3024 ad
1477 2970 1782 3039 poutilicem

189 3065 405 3134 prologi
455 3064 574 3119 loco
616 3072 737 3121 est:
773 3066 1014 3135 sequitur
1064 3071 1279 3119 carmen
1328 3063 1622 3126 heroicum,
1657 3076 1783 3114 cou-

190 3162 344 3209 stins
386 3170 477 3208 sex
521 3155 693 3219 hhris,
723 3155 790 3209 de
816 3169 945 3225 quo,
991 3156 1065 3209 uti
1101 3155 1166 3210 de
1205 3161 1425 3208 auctore
1469 3154 1584 3222 ipso
1616 3152 1784 3206 videri

193 3253 379 3315 potest
425 3247 637 3301 Sassius
673 3247 875 3301 llistor.
919 3258 1127 3317 typogr.
1175 3245 1460 3300 Mcdiolan.
1505 3259 1624 3314 pag.
1661 3243 1784 3298 Mli.

1887 663 2072 730 spania
2098 663 2148 716 in
2169 661 2402 718 Africam
2427 665 2684 732 dolatum,
2710 665 2846 720 inter
2875 667 3154 737 Augustini
3177 653 3285 742 56
3308 669 3464 742 scite;-

1884 755 1981 809 das
2013 763 2282 824 repertum
2309 756 2469 813 alicui
2500 772 2718 814 causam
2747 761 3074 817 inscribendi
3107 766 3340 822 nominis
3360 767 3462 820 Au-

1883 848 2076 918 gustini
2109 849 2414 917 praebuerit.
2452 852 2532 906 0b
2561 853 2764 908 similes
2801 868 2960 909 casus
2994 854 3146 923 plura
3171 871 3332 924 opera
3363 843 3460 922 Pa-

1885 942 2074 1007 tribus,
2103 956 2329 1012 quorum
2360 957 2490 1010 vere
2517 960 2622 998 non
2647 955 2823 1013 erant,
2849 945 3102 1002 attributa
3133 963 3276 1016 saape
3313 927 3459 1005 sunt.

1963 1035 2048 1090 77.
2095 1029 2260 1091 Multo
2301 1051 2432 1092 vero
2483 1038 2650 1106 magis
2686 1047 2766 1092 est
2816 1039 3138 1105 mirandum,
3189 1035 3462 1096 Dracontii

1883 1143 2094 1197 poema,
2134 1127 2233 1181 sub
2274 1127 2476 1181 Aurelii
2519 1126 2805 1198 Augustini
2847 1131 3062 1184 nomine
3103 1127 3456 1199 descriptum,

1879 1220 2212 1291 diligentiam
2247 1219 2514 1275 editorum
2552 1221 2608 1275 S.
2639 1219 2944 1288 Augustini,
2983 1223 3280 1290 przesertim
3310 1217 3457 1278 Mau-

1882 1313 2120 1368 rinorum
2163 1313 2232 1368 ita
2267 1312 2485 1382 fugisse,
2522 1322 2579 1366 ut
2608 1315 2816 1367 nullum
2863 1313 2928 1369 de
2962 1329 3028 1369 eo
3072 1315 3289 1368 verbum
3323 1313 3457 1369 fece-

1881 1405 2008 1460 rint.
2042 1401 2338 1474 Oportebat
2383 1405 2524 1459 cn’im
2575 1407 2780 1460 moneri
2817 1403 3069 1473 lectores,
3104 1413 3315 1460 exstare
3343 1408 3456 1473 qui-

1781 1525 1788 1529 -
1877 1497 2000 1582 dem
2028 1491 2396 1565 hujuscemodi
2425 1505 2640 1551 carmen
2669 1497 2746 1550 sic
2778 1497 3114 1566 inscrithm,
3149 1493 3244 1550 sed
3266 1497 3456 1565 nugo-

1879 1594 2076 1644 stinum
2101 1597 2374 1645 auctorem
2399 1605 2504 1644 non
2533 1595 2672 1644 esse.
2701 1587 2883 1658 Neque
2911 1589 2961 1642 iu
2988 1590 3100 1658 ipSa
3131 1589 3456 1643 Bibliotheca

1881 1683 2322 1737 bibliothecarum
2354 1693 2483 1738 mss.
2520 1682 2919 1748 Montl'au‘conii,
2951 1691 3044 1736 aut
3083 1683 3135 1736 in
3162 1681 3280 1736 aliis
3310 1682 3459 1736 simi-

1882 1775 2021 1829 Ilhus
2051 1774 2305 1844 catalogis
2337 1775 2619 1844 vestigium
2650 1769 2804 1844 hujus
2831 1775 3093 1844 poematis
3121 1771 3347 1828 invenio
3366 1773 3458 1826 aut

1833 1937 1848 1944 _
1882 1867 2188 1929 Dracontio,
2231 1876 2321 1918 aut
2353 1866 2576 1920 Aurelio
2606 1865 2904 1934 Augustino
2931 1866 3170 1934 ascripti.
3199 1859 3458 1919 Matutae-3

1881 1959 2068 2014 ennius
2115 1957 2166 2012 in
2210 1951 2529 2012 bibliotheca
2565 1958 2816 2012 Vaticana
2847 1957 3044 2027 regina:
3092 1957 3299 2012 Suerize
3334 1957 3451 2011 cod.

1889 2051 2025 2107 1556
2050 2059 2439 2107 commemorat
2469 2051 2658 2106 Versus
2684 2053 2955 2123 Augustini
2986 2057 3036 2106 et
3062 2049 3385 2122 Hieronymi,
3408 2055 3466 2105 et

1855 2157 2068 2198 'rursus
2090 2141 2212 2198 eod.
2241 2143 2400 2208 1587,
2433 2143 2676 2198 Carmina
2706 2145 2954 2198 nonnulla
2973 2143 3263 2213 Augustini,
3286 2144 3462 2197 Plato;

1881 2233 1982 2300 nis,
2018 2233 2171 2296 Aviti,
2207 2233 2424 2288 Iuvenci
2451 2243 2497 2289 et
2526 2232 2826 2289 Fartunati.
2864 2235 3057 2290 Verum
3084 2234 3138 2288 hi
3163 2227 3462 2304 padci‘quiv

1882 2325 2002 2382 dam
2043 2325 2292 2383 versiculi
2333 2329 2581 2382 videntur
2615 2343 2736 2383 esse
2783 2328 2874 2398 q‘u‘i
2919 2325 3018 2382 sub
3045 2327 3323 2398 At'gttslini
3373 2342 3468 2398 ηοξ

1883 2421 2026 2472 mine
2054 2419 2107 2472 in
2137 2419 2256 2472 aliis
2281 2421 2440 2474 etiam
2471 2415 2732 2490 catalogis
2767 2417 3093 2473 indicantur.
3140 2403 3465 2487 Liber-ejus-

1883 2511 2004 2567 dem
2033 2511 2090 2567 S.
2115 2509 2394 2582 Augustini
2428 2502 2494 2566 de
2521 2513 2726 2568 orando
2748 2509 2859 2566 Deo
2882 2501 2947 2566 ad
2975 2511 3226 2580 Probam,
3258 2511 3464 2568 Hexae-

1885 2620 2069 2662 meron
2114 2607 2252 2676 ejus,
2277 2617 2330 2662 et
2361 2617 2612 2676 excerpta
2658 2619 2720 2662 ex
2757 2607 2857 2662 hoc
2890 2623 3052 2676 opere
3094 2601 3160 2661 ad
3196 2595 3472 2660 Dracontii

1879 2690 2072 2770 poema
2104 2699 2253 2754 nullo
2283 2695 2441 2753 modo
2469 2700 2717 2754 attinent.
2749 2691 2804 2754 In
2845 2689 3163 2754 bibliotheca
3194 2691 3466 2777 Sani-Ger-

1886 2798 2129 2852 manensi
2194 2793 2624 2850 Moutfauconius
2681 2810 2799 2865 pag.
2866 2789 3003 2851 1125
3066 2795 3303 2849 codicem
3365 2779 3470 2847 ΗΒ

1885 2887 2144 2950 enuntiat,
2172 2887 2258 2942 ubi
2292 2897 2414 2941 sunt
2437 2888 2492 2942 S.
2531 2887 2798 2941 Ambrosii
2837 2901 2974 2955 opus
3006 2886 3069 2940 de
3093 2875 3460 2950 Sacramentis,

1887 2980 1944 3035 S.
1983 2973 2256 3050 Augustini
2289 2978 2544 3048 quoniam,
2589 2973 2882 3030 Hildeberii
2920 2973 3319 3029 Cenomanensis
3361 2971 3467 3042 epi-

1885 3074 2026 3144 scopi
2069 3087 2240 3126 versus
2280 3073 2341 3126 de
2371 3069 2498 3125 Deo.
2529 3063 2714 3139 Neque
2752 3070 2802 3122 in
2852 3069 2933 3122 his
2969 3068 3214 3122 versibus
3253 3067 3468 3122 carmen

1887 3163 2155 3219 Dracontii
2193 3161 2414 3230 intelligi
2454 3160 2652 3216 debet:
2687 3176 2808 3215 nam
2845 3160 2981 3214 inter
3027 3151 3316 3213 llildeberii
3352 3147 3470 3214 car;

1890 3259 2032 3312 mina
2075 3257 2214 3312 edita
2249 3255 2398 3309 multi
2432 3263 2556 3308 sunt
2585 3267 2795 3322 versus,
2825 3251 2912 3321 qui
2957 3265 3022 3305 eo
3046 3252 3198 3318 titulo
3230 3237 3471 3321 insigniri

190 3336 438 3390 Carmen
468 3338 534 3391 de
566 3340 826 3407 passione
849 3338 1115 3392 dominica
1139 3338 1466 3410 adextum
1492 3335 1555 3391 IV
1584 3336 1784 3390 editum
1811 3317 1858 3383 C
1894 3358 2131 3422 ροεεθηι,
2179 3345 2480 3402 Istiusmodi
2517 3317 2898 3415 ίηθοι-ίριίδηξς
2941 3346 3001 3397 de
3046 3341 3147 3396 υρο
3179 3339 3314 3412 “pud
3340 3317 3473 3410 imo-

191 3429 291 3484 luit
317 3430 602 3486 Mediolani
627 3447 764 3485 anno
788 3432 942 3486 1481.
973 3431 1306 3501 Ριηυρίρυιηιι
1335 3429 1620 3484 blumbi-itii
1651 3443 1785 3496 Opus

191 3532 321 3577 sunt
355 3519 492 3578 Vit'a:
521 3533 848 3590 eatictorum,
895 3526 1049 3594 cujus
1101 3523 1289 3586 editio,
1324 3524 1389 3576 ab
1424 3523 1541 3592 ipso
1578 3522 1786 3574 (imbus

192 3615 565 3671 Voluminibus
591 3619 763 3672 in-toi.
791 3619 1019 3687 vulgata,
1048 3616 1327 3688 spiendida
1362 3625 1466 3680 est,
1496 3623 1635 3679 rara,-
1672 3623 1786 3667 tua:-

193 3707 416 3781 βιησάιή
447 3727 587 3768 nunc
615 3719 777 3781 opere
807 3714 1055 3782 quaesita.

266 3794 364 3856 76.
394 3803 728 3857 Postremum
762 3807 936 3857 locum
969 3805 1019 3856 in
1057 3802 1158 3856 hoc
1185 3801 1374 3856 codice
1403 3804 1632 3866 occupat
1661 3797 1789 3850 Dra-

180 3896 437 3961 contius,
472 3895 565 3948 sed
596 3896 696 3949 sub
737 3895 840 3948 alio
873 3898 1109 3950 nomine.
1145 3896 1234 3948 Sic
1255 3894 1400 3948 enim
1431 3904 1648 3946 carmen
1678 3890 1790 3957 ejus

196 3987 524 4041 inscribitur
555 3987 648 4040 fol.
679 3988 782 4043 “2‘30
810 4003 824 4040 ε
858 3988 1129 4058 Augustini
1151 3988 1213 4040 de
1241 3984 1368 4040 Deo.
1397 3984 1590 4038 Aurelii
1621 3985 1790 4054 Augu-

193 4080 325 4132 uiui
362 4078 430 4131 de
463 4077 572 4133 Deo
599 4079 724 4133 liber
754 4082 930 4146 incipit
974 4081 1206 4148 feliciter.
1256 4079 1321 4130 Ιῗῐ
1353 4078 1404 4130 in
1439 4075 1543 4131 line
1574 4093 1584 4126 :
1621 4071 1788 4126 Finis.

195 4172 262 4224 Α.
300 4172 583 4241 Augustini
607 4172 670 4225 de
702 4171 761 4224 υι
783 4189 832 4224 o.
872 4173 937 4225 Et
965 4171 1106 4226 illico
1136 4173 1418 4224 adnotatur
1441 4167 1793 4236 exscriptoris

195 4274 432 4330 lmﬂ‘ll’ll,
469 4275 527 4319 ut
560 4251 666 4319 (iiii
701 4279 844 4319 num.
878 4266 967 4329 (i7,
1004 4280 1175 4333 neque
1205 4265 1352 4318 aliud
1385 4265 1434 4317 in
1482 4263 1582 4317 hoc
1608 4263 1793 4316 codice

191 4359 466 4416 Murrit.
512 4357 646 4412 Cum
681 4366 847 4411 totum
897 4360 997 4412 hoc
1045 4352 1259 4411 carmen
1304 4356 1370 4412 dc
1413 4357 1522 4409 Deo
1557 4356 1794 4407 Dracon-

195 4450 339 4503 tium
373 4457 649 4503 auctorem
677 4459 827 4504 certo
868 4448 1080 4514 haheat,
1113 4457 1170 4501 ut
1207 4463 1328 4501 rnox
1374 4445 1676 4512 ostendam,
1708 4461 1794 4498 su-

195 4555 599 4609 pervacaneum
629 4541 697 4592 sit
723 4555 964 4610 quaerere
993 4555 1088 4593 cur
1129 4551 1322 4592 nomen
1359 4536 1658 4605 Augustini,
1686 4552 1791 4589 non

199 4632 489 4687 Dracontii
523 4618 803 4699 proderat.~
835 4632 1036 4684 Passim
1075 4630 1216 4682 enim
1267 4630 1318 4682 in
1354 4643 1482 4681 mss.
1515 4624 1791 4680 codicibus
1825 4644 1844 4699 _'

193 4727 248 4780 id
279 4725 493 4786 evenit,
529 4734 584 4778 ut
628 4725 784 4779 unius
822 4739 956 4791 opus
1001 4722 1153 4777 alteri
1187 4722 1496 4792 aiﬁngatur;
1539 4718 1690 4786 cujus
1723 4720 1795 4772 rei

197 4819 293 4872 illa
327 4817 634 4884 saepissime
659 4829 821 4870 causa
848 4826 952 4881 est,
991 4813 1131 4883 quod
1167 4814 1367 4868 librarii
1399 4812 1600 4882 antiqui
1633 4811 1798 4865 multa

195 4921 373 4976 opera
413 4907 466 4960 iu
511 4921 672 4959 unum
723 4905 969 4959 volumen
1029 4905 1441 4973 compingebant
1481 4912 1534 4956 et
1575 4902 1792 4956 commi-
1831 4895 1834 4902 ’

192 5000 457 5054 scebant.
494 4990 625 5052 Hinc
669 4997 860 5051 iactum
906 4997 1003 5050 t'uit
1035 5007 1091 5050 ut
1132 4997 1443 5066 plerumque
1479 5003 1684 5059 auctor,
1713 4995 1801 5064 qui

197 5097 425 5164 primus
452 5091 762 5161 apparebat,
804 5101 997 5145 cratera
1028 5092 1302 5160 sequentia
1331 5089 1508 5144 omnia
1550 5091 1710 5158 opera
1736 5088 1802 5140 ab

193 5187 333 5241 aliis
356 5186 676 5238 crederetur
696 5183 1019 5248 coniecisse,
1046 5183 1342 5252 praesertim
1373 5181 1496 5252 quia
1531 5180 1798 5234 interdum

191 5279 455 5333 auctoris
490 5294 680 5330 nolnen
705 5277 1070 5330 automissum
1100 5275 1292 5336 fuerat,
1323 5282 1415 5329 aut
1445 5275 1699 5344 temporis
1725 5263 1801 5325 in-

186 5373 348 5444 juria
384 5371 560 5424 aliove
605 5385 730 5424 casu
755 5367 1008 5424 deletum.
1049 5368 1298 5423 Fortasse
1329 5368 1487 5422 etiam
1517 5367 1798 5421 Dracontio

191 5481 417 5522 nomen
447 5463 545 5516 fuit
576 5461 843 5528 Aurelius,
879 5459 1021 5530 quod
1059 5462 1124 5516 ab
1156 5463 1336 5530 aliquo
1385 5459 1602 5514 librario
1633 5463 1802 5512 solum

192 5556 366 5626 operi
417 5555 694 5623 praeﬁxum
734 5553 1076 5609 occasionem
1118 5553 1234 5606 aliis
1267 5552 1492 5616 dederit,
1533 5562 1587 5607 ut
1629 5551 1799 5607 Aure-

193 5649 348 5704 lium
375 5646 736 5716 Augustinum
765 5660 887 5701 esse
907 5646 1295 5699 existimarent.
1321 5644 1472 5710 Quod
1506 5646 1647 5698 enim
1675 5647 1806 5699 lira-

191 5733 436 5797 contius
479 5740 582 5794 alia
616 5728 778 5796 etiam
831 5741 1046 5794 nomina
1089 5738 1355 5803 liabueril,
1402 5754 1462 5791 ex
1507 5755 1653 5794 more
1691 5741 1806 5808 ejus

197 5832 490 5901 temporis
530 5833 790 5900 arguitur,
837 5847 943 5900 quo
987 5832 1129 5883 viros
1171 5829 1381 5883 nobiles
1428 5840 1658 5897 quatuor
1718 5840 1808 5884 aut

195 5927 466 6003 quinque
495 5925 797 5996 nominibus
826 5923 1122 5998 appellatos
1151 5921 1311 5980 fuisse
1338 5933 1672 5998 compertum
1701 5934 1810 6000 est.

1891 3421 1972 3496 tas
2010 3439 2344 3494 Christianos
2378 3438 2556 3507 plures
2587 3437 2849 3504 invenies,
2892 3437 2948 3489 ut
2991 3449 3178 3488 versus
3209 3421 3471 3510 Victoiirli

1893 3532 2266 3595 Pictavieusis,
2299 3529 2410 3585 sive
2444 3527 2593 3584 Fabii
2619 3529 2768 3583 Marii
2804 3524 3062 3581 Victorini
3106 3518 3241 3584 Afri,
3268 3526 3348 3577 cui
3379 3515 3467 3576 iiii-

1891 3625 2030 3679 ctius
2062 3623 2392 3684 tribuuntur,
2427 3621 2487 3673 de
2518 3618 2643 3674 Jesu
2673 3617 2875 3670 Christo
2911 3613 3014 3669 Dec
3038 3625 3080 3669 et
3108 3614 3328 3668 Ita'mine'.
3355 3609 3474 3667 Car"-

1891 3695 2014 3770 ineu
2046 3715 2108 3778 de
2141 3713 2246 3768 Deo
2276 3713 2476 3767 [tantine
2509 3712 2821 3780 inscriptum
2853 3707 3021 3763 edidit
3051 3708 3210 3762 etiam
3239 3705 3473 3778 Joannes

1895 3807 2131 3876 Baptista
2188 3806 2522 3860 Mantuanus.
2585 3797 2758 3859 Simili
2817 3799 2968 3855 titulo
3033 3799 3212 3853 Didaci
3259 3789 3475 3864 Jo'sep‘hi

1873 3899 2083 3954 .Abadii
2114 3897 2371 3952 Mexicani
2401 3898 2621 3950 Cesena‘.
2649 3895 2787 3951 1780
2825 3899 3010 3964 poema
3037 3892 3228 3961 prodiit
3253 3889 3314 3945 de
3347 3879 3474 3956 Πεϋ,

1896 3989 2103 4060 Deoque
2132 3989 2331 4041 homine
2364 3986 2626 4039 Hernica:
2658 3999 2777 4053 qua:
2809 3985 2964 4039 tertia
3000 3985 3081 4037 est
3110 3977 3274 4036 editio
3299 3969 3477 4050 operis

1898 4081 2188 4134 multorum
2216 4078 2462 4132 laudibus
2483 4076 2761 4130 celebrati.

1969 4172 2055 4226 78.
2103 4173 2216 4225 iam
2259 4185 2387 4225 vero
2437 4170 2710 4224 [)tacontii
2757 4177 2972 4223 carmen
3011 4169 3082 4223 de
3122 4167 3236 4223 Deo
3275 4167 3326 4222 in
3374 4161 3482 4223 tres

1899 4271 2076 4333 partes
2099 4263 2327 4316 divisum
2351 4271 2431 4315 est
2455 4279 2465 4314 :
2495 4263 2595 4316 etsi
2619 4261 2760 4316 enim
2786 4261 2947 4314 trium
2973 4260 3231 4314 librorum
3256 4250 3484 4328 auipiir-

1899 4363 2027 4410 tium
2061 4355 2261 4410 mentio
2287 4368 2389 4408 non
2429 4355 2565 4407 sitiu
2599 4353 2784 4408 codice
2825 4365 3099 4421 eXpressa,
3140 4347 3484 4422 quemadmo-

1897 4450 2021 4503 dum
2054 4450 2105 4502 in
2136 4447 2327 4502 eodem
2362 4445 2606 4500 Aratoris
2635 4446 2744 4500 duo
2777 4445 2897 4499 libri
2933 4447 3084 4500 nullo
3114 4445 3280 4499 modo
3295 4445 3476 4499 distin-

1898 4551 2152 4613 guuutur,
2183 4550 2236 4594 ut
2265 4539 2381 4593 dixi
2420 4555 2568 4593 num.
2597 4540 2687 4605 69,
2715 4555 2775 4594 ea
2811 4549 2987 4593 tamen
3009 4539 3282 4592 distinctio
3313 4546 3364 4592 et
3395 4522 3485 4590 Si!-

1899 4635 2104 4704 paratio
2141 4633 2368 4699 partium
2420 4632 2687 4685 Draco-otii
2739 4631 3048 4694 adhibetur,
3089 4631 3283 4684 litteris
3320 4615 3486 4684 etiam

1907 4728 2007 4799 57
2040 4728 2190 4780 initio
2230 4727 2486 4794 cujusque
2514 4723 2634 4777 lihri
2678 4723 2923 4777 maximis
2955 4722 3263 4790 descriptis,
3312 4727 3364 4775 et
3398 4721 3487 4787 ue.

1906 4820 2094 4875 culiari
2141 4819 2369 4876 artiticio
2414 4817 2727 4883 elaboratis,
2783 4825 2840 4870 ut
2882 4825 2992 4871 tres
3041 4815 3206 4870 libros
3243 4813 3489 4868 distincto

1895 4923 2226 4968 enumerare
2266 4921 2630 4981 opportunum
2671 4909 2843 4965 visum
2876 4908 3082 4963 fuerit:
3117 4910 3202 4964 cui
3243 4907 3489 4976 divisioni

1909 5007 2078 5062 series
2129 5006 2294 5073 ipsius
2333 5004 2658 5071 argumenti,
2701 5012 2757 5058 et
2792 5001 3083 5072 cujuslibet
3129 5001 3292 5068 partis
3329 5012 3486 5062 exor-

1911 5096 2056 5150 dium
2085 5095 2246 5150 lavet.
2295 5096 2351 5148 lu
2398 5096 2570 5164 primo
2599 5094 2736 5158 libro
2767 5103 2889 5163 post
2927 5106 3113 5146 versus
3160 5091 3262 5147 “6
3301 5091 3490 5145 eodem

1909 5190 2168 5243 orationis
2194 5189 2281 5244 iilo
2315 5188 2654 5244 connectitur
2693 5188 2928 5242 narratio
2954 5184 3022 5240 de
3047 5199 3212 5253 opere
3253 5197 3354 5241 sex,
3375 5184 3489 5244 dio-

1913 5299 2051 5350 rum,
2089 5281 2268 5335 Primo
2292 5284 2402 5336 dies
2432 5298 2550 5336 nam
2580 5283 2709 5336 lucis
2735 5289 2864 5345 erat,
2895 5287 3024 5345 etc.,
3051 5295 3168 5348 qua:
3203 5278 3350 5334 edita
3373 5280 3494 5346 pri-

1891 5375 2032 5430 .dem
2074 5383 2157 5428 est
2201 5375 2302 5429 sub
2347 5374 2501 5428 titulo
2540 5371 2892 5436 Hexaemeron
2935 5369 3199 5428 Dracontii
3226 5403 3242 5436 ,-
3289 5369 3400 5426 sive
3437 5375 3495 5423 de

1918 5465 2083 5534 Opere
2107 5483 2195 5520 sea;
2231 5467 2449 5529 dierum,
2477 5465 2581 5536 hoc
2607 5465 2794 5518 initio:
2826 5463 3002 5518 Prima
3042 5464 3156 5518 dies
3181 5464 3272 5518 ius:
3304 5474 3376 5519 est
3401 5477 3487 5518 ter.

1914 5560 2004 5621 ris,
2039 5567 2143 5612 etc.
2187 5557 2274 5612 Sic
2303 5557 2499 5612 deinde
2531 5557 2667 5612 iiber
2707 5557 3043 5626 progreditur
3083 5571 3251 5627 usque
3283 5557 3348 5610 ad
3383 5572 3496 5610 ver-

1912 5665 2030 5703 sum
2061 5648 2190 5709 755,
2225 5651 2338 5716 Quo
2362 5659 2409 5702 te
2431 5650 2710 5716 promittis,
2739 5659 2870 5718 eto.,
2896 5649 2982 5706 cui
3009 5649 3170 5706 etiam
3198 5648 3498 5718 adiungitur

1915 5741 2338 5804 hemistichium,
2395 5742 2728 5810 Omnipotens
2779 5752 2964 5797 reterns
3012 5740 3190 5804 Dem,
3252 5751 3500 5810 tanquam

1920 5847 2118 5888 versus
2135 5841 2410 5888 extremus
2435 5834 2589 5901 primi
2614 5833 2764 5896 libri.
2796 5832 2925 5887 Post
2955 5833 3054 5886 hoc
3082 5832 3498 5895 hemistichium,

1909 5927 2326 5998 intercapedine
2354 5936 2407 5985 et
2434 5926 2778 5987 distinctione
2801 5941 2962 5999 quam
2987 5924 3101 5982 dixi
3133 5923 3394 5990 adhibita,
3421 5923 3500 5981 itt-
