4016 6280
522 358 643 417 θω-
738 350 747 395 Ϊ

1955 332 2406 410 DRACONTIUS.

3722 348 3827 410 6&9

521 454 841 544 ἂῂἱΐδιίϋὲῗί
868 464 1451 551 secundus,"Inventor,
1495 473 1717 543 genitor,
1764 438 1891 527 etc.»
1917 471 2108 551 Ycrum
2141 476 2190 533 Λ
2220 470 2339 524 chis
2371 466 2493 523 158.
2530 466 2684 540 Apud
2717 466 3061 525 Sirmondum
3088 466 3260 523 stilum
3285 462 3530 536 suntm,
3562 474 3690 541 post
3706 482 3822 540 qua

522 558 657 626 εἶίἰῗέ
814 552 1096 645 ’ἐὰίιίὲιμθί
1124 560 1519 623 hemistichium
1556 566 1885 645 Omnipotens
1926 579 2109 623 teterne

525 650 931 718 Déiis'iih'it'i'uit‘t
960 652 963 655 ἢ
988 644 1293 716 ἑςεέῚΗὴῖ
1329 644 1597 729 secundi;
1630 678 1734 715 non
1784 661 1941 717 finem
1991 660 2108 716 libri

524 752 685 827 prinii
711 775 722 810 :
747 744 889 827 quod
912 738 1155 810 'fortaSSe
1189 753 1258 810 ab
1286 740 1474 828 ignaro
1497 754 1717 809 librario
1750 769 1869 809 cum
1907 753 2009 809 fine
2048 751 2111 825 li—

525 836 1178 918 bri‘prittil'fconjuuctum
1219 856 1323 912 est,
1355 863 1421 902 ne
1452 862 1633 912 versu,
1661 862 1820 916 quem
1864 845 2109 901 mutilum

521 948 578 997 et
604 939 974 1012 imperfectum
1003 934 1305 1006 invenerat,
1342 936 1537 993 librum
1565 937 1857 995 secundum
1890 936 2113 992 incltoaa

520 1042 625 1099 ret,
659 1030 1015 1102 coque'iuodo
1034 1032 1251 1086 initium
1282 1030 1444 1101 huius
1466 1029 1585 1086 libri
1615 1032 1793 1085 minus
1821 1042 2110 1102 venustum

520 1133 703 1195 atque.
732 1122 1267 1197 elegans-redderet.
1316 1122 1483 1179 Liber
1526 1122 1816 1189 secundus,
1864 1138 2115 1193 compre-

523 1216 720 1287 henso
747 1217 848 1277 hoc
896 1216 1264 1282 hebisticbio,
1307 1214 1553 1285 procedit
1578 1230 1750 1286 usque
1792 1217 1860 1269 ait
1896 1231 2111 1271 versum

523 1309 926 1383 808,.Agmino
964 1309 1330 1376 condemnant,
1379 1318 1486 1363 etc.
1521 1307 1661 1362 Tum
1710 1307 1809 1361 alia
1851 1307 2114 1364 divisione

525 1403 1037 1474 interwsitst-liberi
1061 1403 1250 1458 tertius
1273 1401 1478 1471 incipit,
1505 1400 1738 1455 Luminis
1759 1402 1955 1467 wferni,
1981 1411 2111 1466 etc.,

525 1507 717 1570 me;
749 1496 1086 1555 ud'vcrsutn
1146 1495 1427 1559 ultimum,
1498 1494 1719 1548 Additus
1772 1494 1960 1548 insonti
2023 1512 2116 1563 po-

527 1587 853 1660 Νηρηίδι,
895 1589 1121 1659 quiest
1145 1587 1269 1644 682.
1318 1586 1417 1643 Ubi
1453 1585 1990 1642 animadvertendum
2032 1594 2117 1642 est

530 1690 818 1755 utcumque
840 1682 1052 1754 ,lihrum
1083 1681 1383 1743 secundum
1424 1690 1478 1737 et
1510 1681 1728 1737 tertium
1760 1695 1791 1735 a
1822 1682 1916 1737 Dei
1963 1680 2115 1737 invo-

524 1774 1045 1843 tasiondmrdiam
1070 1775 1296 1832 habere.
1368 1810 1373 1815 ο

2216 565 2440 620 Rivinus
2464 564 2745 620 adnotavit
2788 584 2799 619 :
2834 565 3031 620 Cretera
3059 565 3439 622 desiderantur.
3493 564 3549 620 In
3581 564 3835 637 editione

2214 659 2507 717 Matritensi
2542 676 2606 717 ex
2636 660 2823 716 codice
2848 662 3071 733 Azagrae
3100 659 3280 719 addita
3313 669 3437 723 sunt
3464 658 3527 715 ll
3562 656 3819 714 disticha.

2218 752 2274 808 In
2300 762 2486 807 nostro
2517 753 2703 811 codice
2736 753 2881 808 finita
2929 754 3125 825 elegia,
3158 752 3345 819 eadem
3392 748 3617 822 antiqua
3660 767 3819 806 manu

2215 843 2456 903 additur:
2485 844 2709 916 Explicit
2744 846 3025 915 satisfactio
3054 845 3316 901 Dracontii
3336 845 3407 925 at!
3428 842 3820 927 Guthamndam

2215 955 2388 1010 regem
2418 937 2833 1008 Guandalorunt,
2863 951 2987 994 dum
3016 940 3213 997 essetin
3237 941 3476 1008 vinculis,
3505 924 3657 1015 quod
3682 924 3821 996 litte-

2217 1029 2292 1085 ris
2316 1029 2607 1101 majoribus
2636 1030 2897 1101 scriptum
2928 1039 3032 1087 est.
3064 1031 3179 1086 Alia
3223 1046 3386 1102 opera
3430 1030 3594 1101 hujus
3621 1028 3819 1088 codicis

2219 1121 2488 1189 diversam
2552 1136 2768 1176 manum
2814 1132 2974 1191 atque
3017 1130 3228 1177 {etatem
3257 1120 3575 1192 praeferunt.
3608 1104 3819 1177 ‘Versus

2220 1215 2383 1270 Marci
2408 1215 2474 1271 de
2497 1215 2553 1271 S.
2582 1215 2892 1282 Benedicm,
2918 1226 2972 1270 et
3001 1215 3305 1272 Satisfactio
3328 1215 3606 1271 Dracontii
3634 1217 3817 1272 eodem

2219 1307 2532 1363 charactere
2560 1318 2686 1363 sunt
2713 1296 2937 1376 scripta,
2971 1310 3062 1378 qui
3108 1308 3395 1378 peculiaris
3420 1319 3527 1375 est,
3568 1309 3818 1363 multums

2220 1416 2323 1471 que
2355 1402 2474 1455 aliis
2497 1402 2583 1469 qui
2614 1401 2772 1472 vulgo
2803 1402 2916 1456 noti
2946 1412 3073 1456 sunt
3100 1402 3402 1458 dissimilis.
3434 1401 3815 1466 Trombellius,

2221 1494 2275 1548 in
2307 1493 2569 1563 Opusculo
2619 1494 2686 1549 de
2738 1498 2868 1549 Arte
2898 1495 3258 1565 cognoscendi
3302 1504 3518 1550 aetatem
3548 1494 3816 1554 codicum.

2220 1600 2341 1655 cap.
2373 1588 2461 1653 Ut,
2495 1586 2996 1655 hujuscbaracteris
3022 1588 3309 1644 nonnullas
3327 1589 3535 1643 litteras
3566 1587 3815 1663 exhibet;

2220 1678 2374 1747 cuius
2404 1680 2622 1745 generis
2669 1696 2870 1750 pani-os
2920 1680 3135 1736 codices
3166 1682 3216 1735 in
3272 1679 3426 1735 Italia
3459 1682 3566 1755 59
3592 1679 3816 1741 ‘viderat,

2162 1764 2167 1771 “
2222 1773 2314 1828 sed
2341 1773 2391 1827 itt
2417 1773 2746 1829 bibliotheca
2770 1774 3115 1830 Vallicellana
3156 1775 3342 1831 Roma:
3365 1774 3548 1845 plures
3581 1789 3813 1830 asserva-

594 1868 686 1924 79.
729 1868 843 1924 Etsi
866 1877 1043 1924 autem
1073 1868 1275 1925 codicis
1319 1878 1450 1925 tetas
1491 1880 1680 1925 recens
1709 1871 1800 1936 sit,
1830 1878 2010 1925 tamen
2038 1884 2106 1924 ex
2140 1864 2185 1924 Β
2214 1863 2259 1919 ri
2285 1864 2550 1933 audierat,
2570 1882 2702 1937 quos
2720 1882 2789 1922 ex
2824 1867 3077 1937 Hispania
3109 1868 3299 1923 allatos
3331 1867 3529 1937 Joseph
3565 1867 3814 1923 Blanc’i-

523 1960 898 2031 antiquissimo
923 1961 1198 2021 volumine
1226 1976 1350 2017 eum
1395 1962 1780 2031 transcriptum
1839 1976 1979 2029 esse,
2009 1977 2113 2016 non

524 2051 663 2108 levia
717 2064 840 2109 sunt
870 2052 1106 2109 indicia.
1138 2053 1250 2109 Hoc
1278 2053 1423 2109 enim
1472 2053 1703 2108 innuunt
1742 2054 1967 2120 lacunae,
1997 2072 2143 2127 quat.

525 2144 828 2214 praesertim
862 2144 1022 2213 paulo
1051 2152 1176 2214 post
1220 2143 1432 2200 initium
1479 2154 1788 2211 occurrunt,
1838 2156 1891 2200 et
1929 2161 2119 2202 versus

527 2234 786 2303 inchoati,
807 2251 1191 2309 uprlnunquam
1211 2253 1242 2293 a
1273 2239 1444 2307 prima
1468 2239 1586 2293 sola
1607 2239 1803 2304 littera,
1830 2240 1969 2309 quod
1998 2241 2120 2297 ideo

529 2325 727 2413 factum
755 2341 999 2413 appanet,
1022 2333 1160 2410 quia
1191 2335 1450 2404 temporis
1494 2342 1759 2390 vetustate
1784 2335 1902 2390 aliae
1925 2337 2123 2394 littera:

527 2410 643 2497 iant
664 2410 1015 2505 evanuerunt.
1040 2423 1294 2505 Fortasse
1322 2424 1453 2481 hinc
1501 2426 1663 2483 etiam
1697 2424 2004 2496 frequentes
2035 2446 2123 2486 cr-

528 2526 684 2568 rores
710 2513 800 2583 qui
831 2514 884 2569 in
914 2515 1103 2571 codice
1142 2526 1393 2571 notantur
1424 2519 1645 2586 profecti
1693 2528 1838 2583 sunt,
1887 2521 2025 2589 quod
2060 2521 2122 2576 li-

529 2603 740 2661 brarius
763 2607 1136 2677 characterum
1169 2609 1397 2671 formam
1424 2621 1478 2667 et
1508 2613 1611 2667 vim
1654 2628 1760 2667 non
1811 2614 1942 2670 satis
1970 2629 2121 2670 asse-

531 2710 812 2768 queretur.
862 2699 1093 2755 Locum.
1125 2710 1303 2756 autem
1348 2716 1576 2757 vacuum
1634 2703 1970 2774 relinquebat
2031 2706 2121 2760 ubi

530 2791 1261 2875 vmpsplmiaaut-verba
1287 2795 1534 2865 deerant,
1563 2805 1623 2851 ut
1660 2814 1724 2852 ex
1780 2798 1885 2851 alio
1914 2800 2118 2867 codice,

530 2884 802 2961 si‘aticphi
828 2897 1211 2971 compareret.
1244 2900 1464 2959 possent
1496 2891 1757 2959 suppleri.
1785 2890 1942 2957 Quod
1973 2892 2015 2945 si
2058 2906 2121 2947 ea

530 2979 710 3034 omnia
740 2979 884 3044 vitia,
913 2996 1034 3045 qua:
1062 2996 1205 3043 nunc
1244 2982 1301 3038 in
1319 2982 1509 3039 codice
1528 2992 1854 3049 cernuntur,
1901 2984 1952 3036 in
1985 2984 2125 3036 anti-

531 3072 720 3143 quiore
738 3075 1013 3137 volumine
1038 3078 1351 3143 exstabant,
1378 3079 1710 3134 censendum
1733 3089 1815 3134 est
1840 3074 2119 3150 Augustini

531 3174 755 3231 nomen;
784 3167 929 3243 quod
970 3167 1163 3237 titulus
1211 3169 1554 3239 praeferebat,
1591 3171 1859 3227 eruditum
1888 3173 2118 3243 aliquem

2223 1956 2344 2013 nius
2398 1958 2499 2029 ipsi
2547 1970 2871 2015 asseruerat.
2939 1960 3131 2016 Postea
3189 1961 3352 2016 etiam
3414 1960 3637 2016 rescivit
3680 1961 3815 2013 hunc

2223 2050 2470 2105 eumdem
2502 2066 2623 2105 esse
2653 2051 3020 2107 characterem
3046 2053 3134 2120 qui
3165 2052 3351 2108 Italice
3382 2051 3580 2107 dicitur
3624 2032 3815 2123 ροιΙιὶιέα

2224 2141 2525 2207 cordellato,
2554 2151 2609 2199 et
2633 2145 2784 2211 cujus
2808 2143 2979 2198 adhuc
3009 2159 3135 2198 usus
3152 2153 3236 2200 est
3267 2146 3321 2199 in
3353 2143 3677 2214 quibusdam
3712 2142 3818 2197 bul-

2225 2237 2293 2291 lis
2323 2235 2632 2306 pontificiis.
2659 2236 2860 2292 Statuit
2879 2236 3243 2292 Trombellius
3273 2236 3419 2294 hunc
3453 2239 3817 2311 characterem

2225 2334 2279 2384 in
2310 2328 2583 2384 codicibus
2608 2329 2883 2399 proprium
2908 2330 3070 2386 fuisse
3095 2318 3274 2386 saeculi
3304 2346 3359 2385 πί
3386 2331 3622 2388 circiter.
3656 2331 3816 2398 Eduia

2226 2423 2348 2481 dem
2380 2423 2432 2477 in
2464 2422 2789 2478 bibliotheca
2834 2424 3172 2481 Vallicella‘na
3215 2424 3475 2481 nonnulla
3506 2424 3823 2482 lectionaria

2226 2516 2291 2570 ad
2333 2534 2484 2572 usum
2524 2516 2873 2571 ecclesiarum
2915 2516 3021 2571 vidi
3077 2517 3179 2573 hoc
3228 2518 3547 2575 charactere
3585 2526 3819 2582 exarata,

2226 2608 2440 2679 qutead
2469 2610 2725 2665 srcculum
2755 2626 2791 2663 χ
2821 2621 2913 2663 aut
2937 2625 2989 2664 χι
3015 2609 3269 2667 videntur
3292 2611 3585 2680 'p'ertinere,
3631 2621 3687 2667 et
3718 2612 3820 2665 [ιτα
3873 2669 3882 2682 ι

2230 2709 2369 2755 tisse
2400 2713 2522 2755 sunt
2551 2702 2625 2755 illi
2656 2702 2757 2767 ipsi
2784 2701 3001 2756 codices
3033 2710 3165 2771 quos
3196 2718 3264 2757 ex
3307 2703 3555 2766 Hispania
3590 2702 3700 2758 huc
3724 2702 3818 2755 ad.

2231 2778 2789 2848 vectosBlanchiuitts
2820 2793 3140 2850 affirmabat.
3199 2793 3521 2855 Membrana:
3556 2792 3820 2849 Vaticana!

2227 2884 2417 2951 quibus
2441 2883 2747 2939 Satisfactio
2776 2885 3046 2939 Draconlii
3078 2885 3346 2955 descripta
3379 2895 3485 2953 est,
3516 2886 3648 2940 milti
3678 2898 3817 2941 certe

2227 2981 2429 3035 sreculo
2459 2996 2510 3034 ει
2544 2979 2873 3049 postetiorcs
2899 2996 3005 3034 non
3030 2980 3299 3035 videntur.
3335 2978 3620 3049 Exemplar
3653 2979 3821 3049 simile

2226 3074 2384 3141 hujus
2407 3074 2735 3128 characteris
2763 3072 3023 3127 habemus
3049 3072 3098 3126 in
3131 3072 3447 3143 prmfatione
3475 3071 3819 3127 commenda-

2229 3166 2416 3220 tissimi
2448 3165 2709 3220 eardiuali
2741 3164 3013 3221 Francisci
3042 3165 3352 3220 Lorenzana
3393 3165 3458 3221 ad
3494 3165 3819 3220 Breviatiutn

533 3253 704 3309 Virum
748 3255 1024 3327 impulisse
1062 3274 1131 3313 ne
1170 3244 1269 3313 hcc
1314 3263 1422 3333 58
1472 3276 1660 3330 poema
1706 3268 1919 3331 penitus
1946 3264 2124 3332 perire
2151 3248 2197 3310 C
2233 3260 2585 3315 lsidorianum
2616 3275 2733 3328 pag.
2765 3260 2856 3325 ‘26,
2890 3275 2953 3314 es
2984 3259 3259 3314 codicibus
3281 3258 3512 3330 gothicis
3541 3259 3662 3329 ejus
3695 3261 3823 3312 Bre-

534 3348 1252 3433 p‘elrmitteretrtgcifortasse
1299 3369 1439 3409 nunc
1469 3354 1571 3411 hoc
1600 3355 1958 3427 qualicunque
1987 3358 2127 3413 Dra—

535 3430 709 3523 coptii,
732 3430 919 3523 Opere:
941 3456 1275 3520 careremus,
1320 3446 1443 3501 nisi.
1472 3445 1609 3501 falso
1660 3448 1812 3503 titulo
1838 3449 2129 3518 aliquando

533 3533 724 3615 fuisset
743 3545 1015 3617 ornatum.
1043 3536 1201 3609 Ratio
1230 3540 1503 3599 scribendi
1538 3543 1591 3597 in
1640 3543 1743 3598 hoc
1794 3544 1985 3600 codice
2013 3547 2129 3601 haec

432 3636 456 3700 ᾗ
533 3616 653 3683 fere
671 3637 775 3696 est,
801 3616 1037 3698 herebus,
1066 3629 1281 3701 ligatus,
1321 3634 1606 3702 cohercens,
1655 3634 1905 3713 cat/tona,
1927 3640 2126 3695 eat/ter-

531 3737 630 3790 ra,
655 3732 946 3795 temptator,
996 3725 1197 3781 totiens.
1222 3726 1426 3785 Cretera
1459 3729 1590 3785 nihil
1627 3740 1717 3785 aut
1765 3745 1874 3785 non
1899 3732 2125 3787 multutn

534 3814 785 3873 diffcrunt
811 3834 849 3877 al
861 3822 1140 3887 communi.
1154 3820 1564 3892 orthographia.
1587 3823 1953 3892 lnterpunctio
1982 3825 2125 3880 nulla

534 3918 737 3997 estnec
757 3911 932 3967 solum
962 3913 1071 3975 duo
1101 3923 1294 3997 puncta
1325 3915 1618 3984 aliquando
1643 3928 2011 3986 apponuntur,
2033 3908 2129 3976 sed

538 3994 761 4079 temere,
797 4013 851 4056 et
876 4000 981 4075 ubi,
1014 4004 1142 4059 nihil
1184 3994 1301 4062 {illis
1331 4021 1469 4077 opus
1496 4018 1636 4075 erat,
1693 4019 1786 4065 aut
1828 4011 1993 4066 etiam
2039 4012 2125 4067 ubi

540 4104 730 4175 sensus
751 4107 816 4146 ea
832 4093 1060 4153 Jomuino
1082 4096 1308 4164 respuit.

598 4180 702 4257 ςεο,
730 4182 1039 4261 ⁵’Ξφειυιιιιιε
1088 4185 1361 4247 Dracontii
1409 4188 1615 4256 codex,
1647 4207 1754 4261 quo
1784 4194 1865 4249 usi
1918 4206 2125 4263 sumus,

541 4270 712 4333 multo
734 4278 1058 4355 meiat-iacet
1080 4281 1257 4352 pretii,
1281 4282 1328 4337 si
1349 4282 1723 4351 antiquitatem
1752 4286 1867 4356 ejus
1896 4288 2124 4360 diligen-

541 4372 779 4444 tiamque
801 4390 903 4445 qua
926 4386 1191 4443 exaratos
1209 4385 1310 4447 est,
1343 4379 1461 4435 sine
1483 4380 1697 4437 mendis
1734 4393 1827 4439 aut
1854 4401 1984 4443 sane
2004 4403 2125 4444 cum

540 4467 722 4537 paucis
741 4468 1177 4526 consideremus:
1205 4472 1399 4543 alioqui
1428 4473 1696 4528 Dracontii
1722 4477 1772 4530 in
1796 4492 1861 4532 eo
1884 4481 2014 4535 nihil
2046 4493 2129 4537 est

526 4559 702 4627 aliud,
731 4556 1062 4632 nisi'El'cgia,
1093 4562 1208 4617 sive
1234 4562 1539 4620 Satisfactio
1565 4565 1629 4619 ad
1664 4584 1842 4639 regem
1892 4571 2129 4630 Wanda-

539 4650 941 4711 lorumeddex
962 4630 1061 4711 hic
1090 4656 1381 4713 Vaticanus
1426 4672 1507 4716 est
1552 4630 1895 4721 bibliotheca:
1926 4669 2122 4739 regium
2161 4630 2211 4691 Β

520 4751 1044 4813 εδειθοίωῆυωὶνόοὸ
1072 4768 1157 4813 aut
1178 4758 1317 4814 1267
1345 4761 1808 4831 membranaceus,
1840 4778 1947 4835 quo
1979 4765 2122 4819 varia

540 4845 1125 4916 opera’eontinentur,‘
1168 4859 1225 4904 ut
1280 4850 1517 4908 Euclidis
1561 4854 1961 4911 Elementorum
1995 4855 2120 4911 libri

540 4951 653 5003 sua,
684 4938 893 4995 Isoetttli
933 4940 1003 4996 de
1048 4942 1397 5023 Aritlimetica
1453 4946 1521 5001 57
1551 4948 1747 5015 capita,
1778 4949 2004 5017 Algehra
2045 4951 2127 5005 in-

542 5037 693 5084 certo
720 5030 954 5089 auctore
978 5078 992 5100 ,
1024 5042 1280 5092 tractatus
1302 5034 1368 5093 de
1399 5037 1620 5109 Spbtet'a
1654 5042 1859 5097 incerto
1887 5052 2123 5107 auctore,

544 5118 1131 5190 Praetica‘Quadrantis
1160 5126 1366 5185 incerto
1391 5140 1633 5197 auctore,
1663 5131 1965 5187 Kalendarii
1992 5133 2124 5188 Elu-

542 5206 763 5279 cidatio,
792 5222 983 5272 Versus
1029 5218 1190 5275 Marci
1242 5228 1412 5290 poetrc
1460 5223 1527 5276 de
1585 5223 1641 5279 S.
1699 5225 2006 5291 Benedicto,
2037 5227 2124 5295 qui

543 5303 850 5360 conferendi
874 5316 1142 5366 suntcum
1168 5313 1326 5369 editis
1351 5327 1381 5367 a
1403 5310 1708 5369 Mabillonio
1732 5315 1850 5369 Act.
1878 5315 1973 5371 SS.
2003 5319 2121 5371 01ἾΙ.

542 5396 600 5449 S.
634 5395 905 5453 Benedicti
922 5409 1063 5455 tom.
1088 5401 1132 5459 Ι.
1420 5410 1423 5417 ’

598 5487 702 5542 ν81;
734 5487 864 5543 Post
901 5488 998 5547 hos
1023 5507 1210 5551 versus
1249 5495 1410 5552 Marci
1457 5497 1652 5567 legitur
1677 5497 1858 5568 Elegia
1886 5498 2122 5555 Dracon-

541 5577 800 5650 tii,~quod
840 5580 1082 5638 ultimum
1135 5597 1218 5643 est
1253 5586 1304 5641 in
1339 5588 1441 5642 ltoc
1485 5588 1673 5644 codice
1721 5605 1876 5661 opus.
1921 5589 2129 5646 Titulus

540 5674 721 5731 nullus
750 5677 1096 5746 praeponitur,
1120 5681 1215 5734 sed
1240 5680 1391 5737 locus
1410 5682 1629 5738 relictus
1659 5693 1743 5738 est
1772 5699 1991 5749 vacuus,
2025 5699 2132 5753 quo

518 5779 725 5837 posset
743 5767 961 5825 ascribi.
991 5769 1170 5840 Elegia
1194 5770 1250 5825 in
1274 5770 1376 5826 hoc
1402 5772 1587 5829 codice
1616 5776 1823 5846 integra
1846 5784 1949 5841 est,
1978 5790 2137 5830 exce-

539 5864 646 5936 ptis
686 5864 875 5936 paucis
921 5864 1100 5920 verbis
1147 5880 1269 5935 qua:
1299 5864 1716 5925 desiderantur:
1749 5878 1961 5929 constat
1984 5869 2134 5927 disti-

2233 3352 2383 3407 viarii
2410 3351 2499 3420 qui
2535 3352 2586 3405 in
2614 3338 2939 3405 bibliotheca
2964 3349 3220 3406 Toletana
3254 3359 3621 3406 asservantur.
3659 3349 3823 3403 luter-

2232 3440 2500 3514 pun-gendi
2541 3444 2679 3498 ratio
2707 3443 2858 3498 valde
2889 3444 3176 3513 singularis
3206 3454 3291 3499 est
3332 3444 3384 3499 in
3431 3442 3531 3497 hoc
3558 3442 3823 3500 Dracontii

2229 3535 2454 3592 codice:
2490 3552 2651 3590 unttnt
2682 3546 2938 3604 punctum
2993 3535 3281 3606 apponitur
3317 3536 3369 3591 in
3403 3536 3825 3609 ﬁtteptjuslibet

2233 3630 2746 3694 hexametri,-unum
2781 3638 3037 3697 punctum
3070 3637 3123 3683 et
3168 3628 3312 3682 aliud
3357 3643 3480 3687 cum
3522 3625 3728 3697 vii-gula
3774 3627 3823 3682 in

2235 3720 2342 3775 fine
2370 3722 2707 3790 pentametri.
2728 3718 2860 3774 lllttd
2891 3734 3019 3774 vero
3049 3720 3214 3789 magis
3242 3704 3823 3779 oltservauduminter-

2233 3813 2527 3884 rogationis
2559 3822 2737 3867 notam
2766 3813 3051 3884 quamdam
3104 3813 3273 3869 verbo
3305 3813 3393 3867 ttbi
3447 3813 3631 3885 incipit
3663 3814 3822 3869 inter-

2232 3908 2437 3978 rogatio
2464 3924 2677 3977 semper
2705 3907 2873 3977 afiigi.
2910 3907 3128 3978 Hispani
3160 3924 3303 3965 nunc
3334 3908 3475 3963 hunc
3503 3924 3712 3971 morem
3741 3912 3820 3963 in-

2232 4000 2428 4054 vehere
2455 4009 2738 4063 conantur,
2769 4008 2829 4053 ut
2852 4000 3287 4069 interrogationis
3308 4010 3622 4076 consuetam
3639 4010 3824 4056 notam

2234 4092 2538 4162 relinquant
2561 4090 2774 4158 quidem
2814 4098 2934 4160 post
2964 4090 3209 4144 ultimttm
3243 4092 3685 4157 interrogationis
3710 4108 3823 4147 ver-

2232 4185 2382 4249 bum,
2412 4184 2507 4239 sed
2535 4185 2781 4239 eamdem
2836 4192 3014 4239 notam
3042 4184 3308 4240 inversam
3338 4184 3502 4240 verbo
3528 4186 3668 4240 unde
3692 4185 3823 4243 ioci

2236 4276 2311 4346 pit
2341 4278 2708 4350 interrogatio,
2739 4276 3039 4346 pratligant,
3081 4277 3499 4347 qttolegentium
3542 4276 3825 4334 commodo

2232 4368 2535 4426 consulant.
2561 4366 2637 4422 Ex
2664 4366 2876 4421 laudato
2904 4368 3089 4424 codice
3110 4368 3370 4424 Vaticano
3400 4368 3672 4441 specimen
3695 4368 3825 4423 cha-

2234 4461 2458 4516 racteris
2490 4460 2581 4514 teri
2616 4461 2841 4515 incisum
2872 4459 3208 4516 exhibemus.

2805 4621 2892 4678 CA
2902 4621 3034 4679 PU'I‘
3094 4622 3235 4680 Vlll.

2266 4733 2581 4792 Dracontius
2609 4739 2849 4793 carminis
2871 4738 2932 4792 de
2956 4738 3081 4803 Deo,
3105 4749 3154 4795 et
3179 4730 3560 4810 Satisfactionis
3583 4751 3788 4797 auctor.

2304 4879 2393 4936 8'2.
2426 4879 2556 4935 Cum
2587 4881 2639 4935 in
2670 4881 2857 4938 codice
2888 4859 3146 4939 Vaticano
3170 4898 3360 4954 poema
3392 4886 3469 4943 de
3501 4886 3611 4941 Deo
3648 4886 3828 4939 Aure-

2230 4971 2304 5027 lio
2323 4974 2622 5043 Augustino
2650 4974 2938 5043 tribuatur,
2970 4975 3244 5031 Dracontii
3296 4992 3431 5035 vero
3478 4992 3675 5033 nomen
3708 4992 3825 5031 non

2232 5075 2563 5135 compareat,
2595 5077 2799 5135 quaeret
2829 5067 3054 5123 fortasse
3069 5069 3264 5138 aliquis
3293 5071 3548 5139 primum,
3573 5086 3672 5125 cur
3694 5069 3826 5124 ἱκυά

2232 5154 2292 5210 8.
2343 5155 2643 5224 Augustino
2680 5157 3070 5226 abjudicctnus,
3126 5160 3321 5215 deinde
3346 5177 3449 5217 cur
3481 5140 3829 5216 Dracontius“

2230 5259 2505 5304 auctorem
2531 5249 2641 5320 60
2667 5264 2787 5305 esse
2811 5260 2960 5307 certo
2985 5262 3305 5308 statuamus.
3335 5254 3414 5310 De
3447 5255 3833 5312 Satist'act’me

2232 5342 2408 5395 mittor
2457 5349 2544 5396 est
2589 5342 2869 5397 dulitandi
2927 5344 3115 5410 ratio;
3171 5360 3294 5401 nam
3325 5346 3493 5403 codex
3542 5345 3835 5402 Vaticanus

2230 5432 2411 5488 differt
2437 5434 2653 5503 quidem
2679 5450 2708 5489 a
2729 5436 2943 5491 caeteris
2973 5436 3249 5493 codicibus
3287 5439 3340 5493 in
3367 5439 3691 5509 exponendo
3740 5454 3833 5493 ar-

2230 5533 2506 5596 gumento,
2538 5526 2632 5582 sed
2684 5527 3005 5584 dciauctore
3036 5529 3328 5585 Dracontio
3368 5545 3491 5587 cum
3541 5532 3621 5588 eis
3670 5529 3835 5598 plane

2234 5618 2520 5671 consentit.
2537 5617 2832 5674 Nonnullus
2857 5629 3031 5676 tamen
3054 5622 3340 5691 scrupulus
3368 5623 3688 5678 eximendus
3707 5633 3797 5678 est
3816 5663 3835 5689 ,

2236 5707 2375 5778 quod
2407 5708 2656 5765 Barthius
2686 5710 2752 5764 ad
2796 5712 3150 5769 Claudianum
3202 5730 3321 5785 pag.
3369 5716 3475 5771 507
3504 5714 3743 5782 dubitet,
3779 5727 3839 5770 nt

2240 5802 2313 5855 ait
2338 5801 2578 5868 ltiviuus,
2611 5819 2676 5858 an
2709 5820 2825 5860 eam
2855 5807 3137 5875 epistolam
3167 5810 3464 5864 correctori
3493 5810 3670 5881 potius
3704 5809 3838 5864 Dra-

2244 5892 2410 5948 contii
2454 5908 2613 5963 quam
2673 5896 2772 5966 ipsi
2823 5897 3107 5955 Dracontio
3156 5899 3471 5972 adjudicct;
3524 5914 3834 5976 quanquam
