3994 6290
150 281 242 337 641

1556 271 2061 334 PROLEGOMENA

3338 287 3446 343 642

150 398 404 460 Barthius
452 404 558 452 non
613 394 820 451 dubitat
865 409 932 448 an
979 391 1296 446 Dracontius
1335 390 1473 444 hanc
1512 388 1736 458 elegiam
1765 387 2036 448 Acieuda
2067 409 2208 449 nunc
2246 403 2329 451 est
2354 397 2618 454 connexio
2673 399 2948 473 utriusque
2973 402 3177 474 operis.
3208 401 3452 465 Carmen.

149 493 448 564 scripserit,
482 492 572 546 sed
607 506 672 544 an
718 503 903 544 versus
926 503 1058 558 quos
1093 489 1205 556 ipse
1257 485 1439 538 laudat
1482 484 1546 537 ad
1590 500 1729 538 vers.

149 585 211 641 87
241 586 299 638 in
333 601 389 639 lli
418 583 627 638 consul.
658 581 877 637 Honorii
908 597 973 634 ex
1002 580 1196 650 elegia,
1226 578 1376 645 Quod
1400 587 1615 647 pereunt
1653 578 1751 629 lio-

150 685 269 741 διεδ,
299 688 435 741 etc.,
473 674 739 729 Dracontii
767 673 977 737 sint,an
1009 671 1184 738 potius
1216 669 1458 738 Eugenii,
1494 670 1581 738 qui
1617 668 1749 722 Dra-

151 769 314 823 conlii
348 768 632 840 epistolam
665 766 921 820 correxit.
959 764 1159 818 Eadem
1189 764 1349 833 igitur
1381 778 1544 831 opera
1579 763 1749 816 conli-

160 862 370 920 cieinus
416 861 784 922 Dracontiuin,
838 873 899 911 ac
936 858 1202 910 neminem
1235 855 1421 920 alium,
1475 862 1748 908 auctorem

152 969 272 1009 esse
313 953 576 1022 poematis
604 951 671 1006 de
701 951 808 1006 Deo
850 959 904 1005 et
948 948 1368 1013 Satisfactionis,
1430 946 1635 1001 scilicet
1684 961 1750 999 ex

152 1048 491 1102 connexione
522 1048 750 1115 partium
787 1043 1048 1113 poematis
1081 1044 1220 1096 inter
1250 1056 1327 1105 se,
1372 1040 1749 1096 convenientia

155 1139 481 1208 argumenti,
512 1137 921 1202 sententiarum,
958 1135 1256 1204 phrasiiun,
1301 1134 1584 1188 verborum
1635 1147 1752 1188 car-

156 1233 317 1288 minis
348 1233 415 1289 de
445 1231 551 1287 Deo
578 1246 698 1285 cum
725 1230 923 1299 Elegia,
957 1238 1010 1284 et
1040 1244 1291 1282 versuum
1325 1228 1414 1297 qui
1464 1241 1604 1281 nunc
1646 1226 1753 1295 pris

158 1345 303 1383 mum
335 1327 621 1398 prodeunt,
654 1341 774 1380 cum
809 1323 1056 1393 aliisjam
1081 1322 1258 1387 editis,
1290 1331 1491 1392 etquos
1515 1321 1753 1374 Dracon-

158 1411 210 1477 tii
242 1439 371 1478 esse
392 1432 623 1478 constat.

224 1516 318 1570 83.
359 1515 554 1569 Versus
586 1514 966 1580 Hexaemeron,
1007 1512 1119 1568 sive
1158 1513 1219 1565 de
1260 1527 1409 1580 opere
1439 1526 1526 1563 seri:
1552 1509 1752 1561 dierum

160 1610 428 1678 inscripti,
453 1610 541 1680 qui
568 1608 760 1677 sacpius
787 1609 896 1677 jam
928 1608 1067 1678 typis
1093 1605 1358 1676 impressi,
1386 1604 1486 1659 sub
1517 1605 1754 1658 Dracon-

161 1701 212 1753 tii
238 1691 461 1756 numine
488 1700 819 1769 prodierunt,
865 1700 990 1770 quin
1036 1699 1154 1767 ejus
1183 1699 1289 1752 sint
1321 1713 1480 1751 nemo
1521 1696 1747 1750 dubitat.

161 1792 309 1858 Quod
349 1794 393 1847 si
429 1793 548 1863 quis
577 1808 715 1847 nunc
747 1791 1036 1858 dubitaret,
1066 1792 1188 1862 quia
1220 1793 1270 1844 iu
1299 1791 1484 1845 codice
1501 1789 1754 1844 Vaticano
1785 1781 1834 1841 Β

162 1879 397 1956 poemati
432 1883 574 1954 quod
609 1884 823 1937 Aurelio
872 1884 1168 1954 Augustino
1227 1884 1515 1937 ascribitur
1565 1882 1749 1936 inserti

157 1989 296 2041 sunt,
329 1977 430 2032 levi
463 1978 676 2046 negotio
725 1977 921 2031 t'eviuci
972 1987 1149 2047 posset
1192 1978 1508 2031 auctoritate
1540 1975 1749 2039 Isidori,

158 2075 239 2142 qui
268 2089 378 2126 non
401 2072 572 2126 solum
604 2073 970 2126 Hexaemeron
1023 2072 1307 2126 Dracontio
1336 2071 1600 2136 attribuit,
1655 2085 1751 2124 ve-

160 2165 272 2220 rum
306 2165 468 2219 etiam
504 2180 715 2218 versum
755 2180 818 2218 ex
858 2165 958 2218 hoc
1001 2181 1186 2233 opere,
1214 2167 1448 2218 auctoris
1483 2163 1750 2218 Dracontii

159 2257 377 2311 nomine
404 2257 638 2323 laudato,
674 2258 914 2326 profert;
946 2257 1167 2326 Eugenii
1194 2259 1353 2311 etiam
1399 2268 1449 2312 et
1474 2257 1746 2326 lldel‘onsi,

104 2329 106 2331 θ
158 2366 386 2419 quorum
428 2349 516 2403 ille
563 2349 830 2404 lla-acontii
861 2349 959 2403 hoc
998 2350 1136 2419 quod
1161 2359 1336 2404 exstat
1382 2351 1750 2404 Hexaemeron

159 2438 495 2508 reformavit,
527 2440 613 2495 hic
646 2439 1076 2496 ementlaiionem
1109 2441 1375 2496 Dracontii
1415 2441 1480 2494 ab
1511 2439 1751 2510 Eugenio

162 2533 353 2586 factam
388 2533 438 2586 in
466 2531 625 2600 hujus
647 2533 820 2602 elogio
845 2532 1046 2597 retulit,
1099 2542 1156 2587 ut
1201 2549 1360 2602 supra
1409 2532 1672 2603 capitibus
1700 2535 1750 2599 l,

157 2624 190 2678 2
219 2633 270 2678 et
291 2626 350 2689 35,
385 2623 499 2678 fuse
540 2623 913 2694 explicuimus.
939 2625 1137 2677 Omitto
1168 2625 1520 2694 Augustinum
1572 2626 1753 2680 multis

158 2718 207 2770 in
249 2718 387 2770 locis
411 2716 659 2772 docuisse
689 2715 942 2770 mundum
974 2716 1160 2772 eodem
1193 2719 1448 2786 temporis
1477 2729 1752 2772 momento

157 2813 434 2868 conditum
467 2813 652 2879 fuisse,
685 2813 1083 2868 distinctionem
1116 2828 1208 2867 sex
1251 2812 1460 2868 dierum
1511 2815 1753 2885 allegori-

157 2922 270 2962 cam
299 2923 446 2977 esse,
474 2924 593 2964 cum
619 2908 940 2963 Dracontius
961 2909 1285 2963 contrariam
1304 2909 1578 2980 magisque
1600 2925 1751 2963 coin-

160 3018 376 3056 munem
413 3001 732 3056 sententiam
762 3000 830 3056 de
853 3001 1064 3072 opilicio
1088 3001 1271 3056 mundi
1305 3017 1494 3056 revera
1518 2992 1753 3057 sex‘die-

157 3109 272 3148 rum
303 3093 483 3162 spatio
525 3103 739 3162 peracto
794 3102 971 3147 teneat
1002 3103 1056 3147 et
1099 3103 1351 3162 exponat.
1389 3093 1538 3159 Quod
1573 3088 1749 3148 autem

156 3185 398 3254 epistol-.1:
428 3197 615 3238 auctor
645 3185 961 3240 Dracontius
998 3185 1085 3253 sit,
1125 3202 1228 3240 non
1280 3186 1570 3253 Eugenius,
1604 3188 1754 3242 colli-
1783 3163 1830 3228 (ἶ

156 3276 294 3342 gitur
345 3293 409 3332 ex
464 3275 690 3342 Isidoro,
738 3278 826 3348 qui
860 3280 1026 3331 multo
1057 3288 1181 3333 ante
1208 3279 1504 3349 Eugenium
1539 3295 1753 3334 versum
1837 3343 1842 3352 ι

158 3369 318 3422 unum
368 3375 442 3423 ex
471 3387 528 3424 ca
562 3371 806 3440 cpisto'a,
849 3371 966 3426 sine
994 3371 1228 3426 auctoris
1263 3380 1438 3426 tamen
1492 3372 1709 3427 nomine
1735 3413 1750 3438 ,

158 3461 433 3527 excitavit,
464 3473 516 3514 ut
543 3461 649 3514 dixi
683 3478 829 3515 num.
887 3464 939 3516 8.
974 3462 1106 3526 Etsi,
1135 3471 1192 3516 ut
1222 3477 1403 3516 verum
1439 3455 1624 3530 fatear,
1647 3479 1750 3517 non

159 3560 258 3604 tam
289 3550 486 3606 efﬁcax
521 3562 600 3606 est
627 3552 745 3608 haec
777 3556 910 3608 ratio
943 3571 1102 3624 quam
1128 3554 1308 3609 multis
1336 3554 1510 3609 videri
1545 3558 1749 3624 possit:

157 3657 275 3696 nam
311 3645 358 3697 si
387 3644 496 3714 61
532 3655 684 3713 poeta
713 3645 906 3714 aliquis
938 3644 1140 3700 Isidoro
1177 3646 1464 3713 antiquior,
1491 3648 1602 3702 sive
1625 3647 1754 3701 Dra-

156 3738 368 3791 contius
406 3737 450 3791 is
483 3738 663 3805 fuerit,
697 3737 810 3793 sive
853 3741 1011 3807 alius,
1044 3741 1310 3810 ejusmodi
1346 3758 1553 3796 versum
1613 3744 1754 3798 inter

155 3829 288 3883 alios
328 3846 463 3908 sutis
493 3829 727 3897 fecisset,
762 3835 933 3902 potuit
981 3834 1024 3888 is
1058 3849 1244 3890 versus
1275 3835 1340 3888 ab
1368 3836 1570 3890 Isidoro
1599 3853 1749 3891 coni-

154 3911 474 3991 memorari,
500 3935 554 3981 et
579 3927 770 3982 deinde
797 3929 865 3982 ab
896 3921 1135 3999 Eugenio
1165 3931 1218 3984 in
1248 3932 1530 4002 epistolam
1566 3931 1750 3998 inseri,

154 4025 208 4067 ut
234 4009 492 4071 solebant
526 4029 732 4075 veteres
762 4019 1051 4076 Christiani
1115 4034 1282 4094 poeta:
1330 4026 1396 4080 ab
1448 4025 1568 4080 aliis
1614 4029 1751 4082 auli-

151 4107 443 4178 quioribus
485 4112 828 4169 hemistichia
878 4117 1131 4171 nonnulla
1164 4135 1459 4190 versusque
1514 4122 1753 4192 integros

152 4187 417 4270 mutuari,
454 4207 592 4275 quod
623 4207 672 4261 in
706 4205 993 4264 Dracontio
1027 4210 1185 4265 etiam
1210 4213 1637 4268 observabimus.
1665 4219 1754 4269 At-

150 4306 334 4352 tamen
361 4281 492 4351 dum
512 4299 664 4374 aliud
696 4317 799 4355 non
829 4313 1062 4366 constat,
1103 4305 1391 4372 probabilis
1423 4316 1503 4361 est
1554 4323 1649 4378 per
1694 4322 1752 4363 se

148 4389 266 4446 Ιιίῐξο
296 4393 469 4470 ratio,
493 4408 559 4448 ne
586 4393 882 4465 Eugenium
910 4409 1182 4454 auctorem
1220 4401 1462 4470 epistola:
1486 4402 1750 4470 dicamus,

146 4484 439 4556 multoque
468 4488 794 4557 probabilior
818 4491 1139 4562 retltlitur,si
1158 4509 1277 4548 cum
1309 4495 1585 4550 codicibus
1615 4513 1746 4552 mss.

145 4579 495 4645 conferatur,
525 4583 612 4651 qui
657 4580 880 4638 miriﬁce
917 4588 1261 4640 consentiunt
1305 4588 1356 4640 in
1391 4599 1612 4644 auctore
1639 4591 1752 4658 epi-

144 4671 302 4726 διοιιε
333 4671 676 4741 designando
695 4675 997 4732 Dracontio.
1025 4678 1142 4745 Quo
1155 4679 1384 4748 pertinet
1411 4682 1755 4750 supplemen-

142 4775 249 4819 tum
290 4766 527 4838 Eugenii
559 4769 626 4822 de
663 4768 749 4826 die
787 4771 1012 4840 septimo
1057 4788 1161 4828 non
1191 4773 1366 4828 statim
1398 4783 1517 4844 post
1547 4774 1756 4830 llexae-

140 4875 332 4912 ineron
365 4899 381 4922 ,
433 4859 525 4913 sed
556 4871 672 4930 post
705 4863 983 4932 epistolam
1016 4868 1288 4933 collocari,
1330 4883 1396 4921 ne
1437 4868 1529 4922 lib.
1555 4885 1589 4922 ιι
1622 4868 1754 4923 Dra-

142 4953 316 5007 contii
347 4955 458 5021 (ita
481 4955 622 5009 enim
646 4969 868 5012 vocatur
911 4959 962 5012 in
991 4959 1074 5014 his
1122 4960 1394 5016 codicibus
1443 4963 1692 5032 epistola)
1719 4979 1748 5019 a

1813 565 1816 570 .
1856 487 1923 541 de
1967 488 2074 542 Deo
2105 489 2157 543 in
2193 491 2380 548 codice
2417 492 2675 550 Vaticano
2717 511 2836 551 cum
2861 499 3113 564 versibus
3137 500 3246 568 jam
3285 503 3460 579 editis.

1855 577 2170 635 Hexaemeri
2208 583 2346 639 adeo
2385 600 2683 642 connexum
2714 599 2816 654 est,
2852 599 2907 645 ut
2932 589 3031 646 hos
3065 603 3266 664 partem
3295 577 3460 665 ejnsr,

1855 671 1976 726 dem
1997 673 2174 742 operis
2206 690 2325 730 esse
2346 677 2810 734 evidentissimum
2844 684 2934 739 sit.
2971 686 3260 764 Enimvero
3276 689 3318 742 si
3350 675 3451 760 nos

1857 780 2043 819 versus
2061 765 2129 822 de
2156 781 2317 836 opere
2348 784 2441 823 sex
2471 770 2680 828 dierum
2710 785 2913 840 attente
2929 759 3260 854 consideres,
3292 763 3460 856 facile.»

1857 857 2120 927 percipies
2162 873 2254 913 eos
2285 860 2352 913 ab
2384 877 2488 916 uno
2518 865 2747 932 quodam
2790 852 3015 938 longiOri
3035 851 3458 956 'poeniatpfsseij

1856 951 2096 1006 avulsos.
2130 953 2342 1008 Primus
2372 972 2562 1024 versus
2596 960 2646 1013 in
2671 958 2830 1030 editis
2863 961 2950 1034 hic.
2973 972 3097 1022 est:
3143 1021 3146 1024 .
3197 1021 3200 1034 ί

1983 1068 2145 1117 Prima
2169 1071 2275 1120 dies
2298 1071 2377 1120 lux
2409 1081 2485 1123 cst
2509 1077 2674 1136 terris,
2696 1090 2830 1128 mors
2863 1091 2956 1130 una
2990 1082 3242 1135 tenebris.
3290 1063 3320 1126 λ

1857 1172 1986 1240 Quis
2015 1189 2120 1228 non
2154 1175 2338 1232 videat
2362 1177 2464 1232 hoc
2495 1196 2600 1236 non
2647 1182 3470 1259 esseexordiuM"ejus-quitus'

1857 1266 2074 1335 opiﬁcio
2118 1283 2209 1324 sex
2265 1269 2476 1327 dierum
2523 1275 2761 1332 scribere
2806 1279 3450 1356 instituissett'lneptum'

1859 1356 2002 1411 enim
2049 1367 2169 1425 est,
2217 1375 2338 1415 cum
2395 1375 2769 1433 argumentum
2819 1384 2927 1424 non
2957 1371 3028 1426 sit
3069 1377 3460 1444 propositum;

1857 1449 2118 1514 exordiri,
2156 1451 2335 1506 Prima
2386 1456 2494 1510 dies
2533 1457 2625 1512 lita:
2649 1468 2721 1514 est
2747 1461 3192 1532 ter'ris.'llivintts,
3229 1469 3359 1525 etsi
3390 1463 3460 1526 id"

1859 1553 1966 1593 non
1997 1542 2479 1610 animadverterit,
2512 1555 2688 1604 tamen
2740 1552 2993 1607 mendum
3039 1554 3110 1609 in-
3142 1556 3244 1611 hoc
3274 1559 3462 1628 primo:

1861 1645 2017 1685 versu
2047 1633 2420 1702 deprehendit.
2451 1637 2566 1692 Non
2595 1641 2739 1696 enim
2767 1654 2916 1698 recte
2934 1647 3136 1713 mentio
3158 1650 3454 1719 terras—prim

1864 1737 1946 1776 ma
1973 1723 2061 1778 die
2095 1725 2173 1791 tit,
2217 1743 2337 1783 cum
2371 1728 2485 1786 haec
2517 1735 2667 1790 tertia
2698 1735 2790 1790 die
2816 1741 3130 1806 apparuerit
3145 1749 3442 1800 automata

1862 1813 2040 1878 fuerit,
2073 1819 2316 1874 utetiam
2362 1822 2475 1890 ipse
2519 1824 2836 1885 Dracontius
2869 1831 3092 1901 exponit.
3133 1833 3298 1903 paulo
3323 1842 3446 1906 post

1839 1910 1912 1965 .in
1949 1915 2103 1968 tertia
2135 1916 2222 1969 die
2253 1933 2394 1974 vers.
2421 1919 2518 1975 l50
2551 1921 2646 1978 lib.
2680 1940 2728 1977 i:

1989 2027 2091 2087 lpsr
2116 2029 2238 2091 dies
2260 2038 2441 2079 terram
2467 2037 2644 2083 nit'ruit
2662 2037 2727 2084 de
2751 2036 2976 2087 ﬂuetibus
2999 2047 3154 2090 actam
3171 2053 3197 2091 ιτ
3286 2035 3347 2070 δῖ-
3445 2044 3452 2066 ’-

1981 2094 2088 2162 62
2112 2090 2304 2140 Eruitur
2333 2094 2479 2144 tellus
2502 2106 2634 2146 vasto
2657 2100 2880 2150 demersa
2905 2102 3156 2163 profundo.

1862 2183 2082 2238 Ilivinus
2115 2189 2218 2239 hoc
2249 2187 2501 2246 mendum
2537 2189 2608 2243 ita
2634 2192 3175 2253 emendat-ervom“;
3375 2219 3378 2222 -
3443 2215 3455 2254 ;

1985 2299 2144 2349 Prima
2169 2301 2276 2350 dies
2297 2301 2382 2350 lux
2413 2314 2490 2352 est
2517 2305 2656 2353 tetris
2675 2316 2814 2354 mors
2837 2311 3193 2361 unateneb'i-ls;
3368 2295 3373 2318 ”

1863 2406 1967 2462 Sed
1993 2423 2117 2462 vera
2148 2408 2304 2463 lectio
2332 2409 2526 2478 petitur
2552 2425 2616 2466 ex
2645 2413 3024 2483 conjunCtiene
3069 2405 3227 2489 hujus
3258 2397 3456 2480 versus.-

1860 2514 1980 2577 eum
2009 2498 2090 2554 his
2119 2501 2208 2570 qui
2244 2501 2553 2570 praecedunt
2582 2502 2634 2558 in
2658 2505 2899 2564 carmine
2927 2507 2994 2564 de
3026 2507 3137 2566 Deo
3161 2505 3302 2590 vers.
3342 2497 3461 2590 Il5‘

1860 2592 2040 2647 lib.l:
3319 2593 3366 2607 ι’

1984 2687 2082 2764 ξει-
2105 2694 2174 2738 tot
2190 2688 2318 2764 facta
2339 2689 2477 2764 Deus
2496 2689 2626 2764 quod
2657 2701 2797 2744 sexta
2820 2693 3154 2764 luee'creavit,
3188 2697 3198 2764 Ῐ
3267 2692 3297 2702 ’”
3328 2683 3335 2702 ὶ

1987 2748 2146 2800 Pruna
2171 2753 2278 2801 dies
2303 2766 2412 2802 nam
2438 2748 2558 2805 lucis
2582 2763 2706 2820 erat,
2737 2770 2868 2808 mors
2885 2771 2980 2810 una
3003 2748 3238 2812 tenebris.
3309 2774 3313 2776 '
3341 2770 3352 2780 ‘

1932 2855 2023 2911 85.
2056 2855 2130 2909 Ex
2166 2856 2270 2911 line
2311 2858 2472 2912 etiam
2515 2874 2766 2916 versuum
2795 2863 2866 2919 de
2906 2879 3072 2935 opere
3096 2877 3188 2922 sex
3233 2865 3442 2926 dictum

1862 2947 2023 3002 simili
2054 2949 2213 3006 modo
2257 2951 2525 3022 colligitur
2547 2967 2734 3023 poema
2780 2957 3016 3017 nondum
3049 2963 3170 3017 esse
3213 2958 3439 3020 ﬁnitum.

1863 3043 1936 3096 lta
1967 3043 2041 3098 ait
2071 3045 2392 3121 Dracontius
2423 3047 2512 3102 lib.
2550 3063 2585 3110 ι,
2619 3063 2762 3105 vers.
2798 3050 2902 3105 74⁸1
2928 3070 2943 3106 :
3397 3054 3404 3068 λ

1985 3136 2164 3209 ᾼερὲρε
2190 3137 2496 3209 άθδβθοιίιιιιι,
2519 3139 2764 3209 deiectum
2779 3143 2957 3209 attolle
2981 3153 3254 3209 parumper,
3280 3159 3282 3162 -

1989 3197 2346 3271 t‘._oul'u_sumqite
2361 3201 2492 3262 juva.
2522 3197 2634 3264 quia
2659 3208 2865 3271 pmnitet
2888 3197 2999 3271 esse
3022 3197 3300 3271 nocentem,

1991 3259 2049 3336 lit
2077 3259 2561 3313 valeam—memorare
2585 3259 2691 3314 tua's
2717 3268 2807 3317 hoc
2828 3270 3042 3319 carmine
3067 3259 3254 3334 laudes,
3289 3259 3320 3336 ’ί

1973 3324 2328 3386 .QuaspOtero.
2647 3353 2680 3380 η
3047 3349 3052 3354 .
3114 3349 3134 3356 ..
3205 3324 3253 3356 ,ι

1861 3427 2051 3483 Adhuc
2079 3430 2238 3499 igitur
2266 3430 2584 3488 Dracontius
2610 3433 2663 3488 in
2692 3432 2938 3490 laudibus
2970 3429 3182 3493 Domini
3205 3425 3462 3497 Carmine"

1862 3523 1963 3577 hoc
1993 3521 2343 3590 pra~dicandis
2372 3526 2485 3580 vult
2515 3525 2821 3596 immorari,
2867 3530 3010 3600 quod
3037 3519 3196 3588 libris'
3223 3525 3462 3610 duobus.

1858 3616 2205 3682 sequentibus
2255 3619 2468 3689 egregie
2516 3621 2784 3690 praestitit.
2839 3624 3037 3681 Confer
3065 3616 3214 3682 nunc:
3248 3619 3438 3686 versus

1861 3706 2105 3776 665scq.
2135 3708 2256 3763 libri
2289 3723 2364 3775 ιιι,
2402 3726 2570 3780 prolie
2607 3713 2808 3769 linem:
2925 3721 2928 3730 ”
3021 3715 3070 3722 ”
3125 3719 3128 3724 ’
3191 3721 3194 3724 ·
3255 3721 3262 3736 ι
3323 3712 3325 3714 ’
3459 3705 3461 3708 ⁴

1986 3821 2241 3895 ξετηωηι
2267 3837 2501 3895 reparare
2525 3825 2644 3885 jube
2671 3827 2857 3895 pietate
2877 3841 3032 3895 sueta,
3085 3893 3097 3895 _
3171 3891 3174 3894 λ
3259 3893 3264 3895 _
3315 3891 3318 3894 λ
3377 3883 3387 3892 ,

1983 3883 2042 3934 Ut
2072 3899 2268 3935 merear
2291 3883 2490 3937 canuire
2512 3883 2619 3938 tuas
2641 3883 2963 3952 pigr‘carntlna
2989 3883 3184 3945 laudes:

1857 3991 2182 4061 Agnoscitur
2210 3991 2353 4046 idem
2382 4005 2569 4048 auctor
2617 3995 2892 4067 utriusque
2939 3997 3083 4066 libri,
3134 3995 3226 4057 sed
3270 3981 3493 4083 qui

1860 4087 2033 4154 primo
2061 4084 2200 4140 libro
2236 4086 2420 4143 laudes
2447 4087 2540 4144 Dei
2570 4090 3067 4150 ‘cel't-bt'are‘eodetn
3095 4083 3333 4172 Carmine
3362 4081 3457 4172 ul-l

1858 4179 2024 4234 terius
2055 4180 2380 4249 procedente
2409 4183 2780 4250 constituerat,
2806 4186 2858 4240 in
2886 4189 3134 4245 extremo
3163 4185 3302 4266 libro
3323 4179 3445 4266 gra-

1856 4274 1984 4329 tiam
2024 4274 2124 4329 sibi
2167 4289 2196 4329 a
2225 4275 2337 4331 Deo
2363 4275 2429 4331 ad
2469 4277 2571 4331 alia
2603 4279 2837 4334 carmina
2869 4267 2922 4336 et
2961 4283 3026 4336 ad
3059 4264 3465 4370 ali'ud’tem—pus

1858 4364 2180 4436 postulabat.
2215 4365 2294 4420 Ac
2323 4375 2610 4437 propterea
2641 4369 2790 4424 addit
2813 4385 2952 4427 vers.
2985 4373 3090 4454 670
3115 4373 3206 4430 lib.
3241 4369 3336 4454 in}

1981 4459 2082 4532 §ed
2105 4461 2217 4530 Quis
2239 4471 2363 4532 Opus
2385 4472 2585 4532 narrare
2611 4471 2752 4532 tuum
2769 4477 3002 4532 sermone
3017 4453 3314 4532 valebit?”
3342 4455 3386 4472 ’

1981 4522 2280 4593 inspexisse
2303 4522 2464 4593 Deum
2484 4527 2604 4574 sttis
2628 4528 2788 4593 estde
2813 4529 3323 4593 corde-uenientemw
3355 4553 3372 4558 --

1992 4582 2047 4631 Et
2072 4582 2292 4645 lacryinis
2317 4587 2643 4649 precibquue
2670 4590 2762 4650 piis
2795 4599 3096 4652 venerantcr
3113 4582 3280 4660 adire:
3331 4643 3337 4656 ,
3405 4657 3408 4660 _
3447 4662 3450 4664 _

1935 4688 2023 4742 86.
2059 4689 2340 4756 Inscriptio
2377 4691 2490 4762 ipsa
2527 4693 2910 4770 Hexaemeron,
2937 4699 3051 4755 sive
3075 4701 3141 4756 de
3169 4701 3447 4771 Opere-ses

1863 4783 2094 4848 dierum,
2125 4786 2366 4854 quamvis
2397 4798 2548 4842 vetus
2594 4789 2695 4855 sit,
2727 4800 2782 4847 et
2809 4790 2868 4848 S.
2911 4793 3454 4867 Isidoroantiquim,

1865 4884 2039 4930 tamen
2079 4875 2255 4930 minus
2287 4889 2408 4946 apte
2439 4880 2688 4937 tribuitur
2736 4884 3040 4941 collectoni
3072 4891 3457 4960 versuum-qui-

1863 4969 1966 5025 hoc
2010 4972 2164 5026 titulo
2215 4973 2409 5044 vulgati
2461 4984 2605 5029 sunt.
2651 4976 2874 5048 Maxima
2905 4979 3048 5034 enim
3090 4996 3212 5050 pars
3239 4997 3454 5040 eorum.

135 5041 281 5100 libro
313 5061 331 5100 I
366 5044 736 5114 separamur,
761 5049 1076 5120 interposito
1101 5053 1318 5123 Engenii
1351 5054 1745 5124 supplemento.

201 5138 305 5195 84.
330 5137 450 5194 Sed
483 5141 608 5209 quid
630 5156 766 5211 opus
786 5153 869 5196 est
886 5144 1252 5213 conjecturis?
1273 5146 1327 5200 lii
1353 5149 1538 5202 codice
1561 5159 1749 5204 nostro

134 5228 420 5286 Vaticano
447 5232 670 5302 epistola
702 5237 902 5304 scripta
932 5236 1126 5296 dicitur
1155 5238 1221 5291 ad
1266 5253 1447 5309 regem
1477 5239 1750 5296 Vandale-

130 5340 278 5389 rum,
314 5324 475 5395 quod
512 5325 585 5379 ita
615 5342 734 5381 esse
765 5343 972 5392 verum,
1010 5344 1077 5384 ex
1121 5331 1365 5387 versibus
1399 5331 1529 5402 ipsis
1557 5344 1744 5405 postea

126 5417 511 5475 conﬁrmabo.
546 5417 661 5474 Non
695 5435 821 5490 ergo
849 5435 966 5475 eam
987 5426 1290 5492 composuit
1323 5424 1615 5494 Eugenius,
1651 5427 1741 5497 qui

126 5523 273 5580 post.
315 5511 571 5568 excisum
633 5514 989 5570 Vandalorutn
1039 5517 1318 5586 imperium
1372 5520 1569 5576 ﬂoruit.
1621 5522 1738 5577 Alia

123 5607 301 5662 multa
334 5615 472 5660 sunt
502 5607 553 5661 in
585 5608 813 5677 epistola
844 5625 960 5679 qua:
994 5611 1231 5680 Eugenio
1279 5615 1498 5670 minime
1541 5631 1740 5672 convc-

123 5703 248 5756 nire
303 5708 565 5770 possunt,
613 5711 666 5754 ut
706 5712 888 5772 postea
935 5705 1154 5772 patebit.
1203 5706 1383 5776 Itaque
1416 5709 1731 5767 Dracontius

120 5801 320 5848 certus
355 5791 486 5860 ejus
511 5802 696 5849 auctor
727 5793 1000 5851 habendus
1048 5808 1148 5852 est.
1181 5799 1296 5870 Quo
1330 5817 1358 5873 p
1385 5801 1521 5870 .sito,
1561 5803 1732 5873 inspi-

1861 5064 1999 5119 ultra
2050 5081 2143 5120 sex
2189 5065 2301 5120 dies
2360 5069 2716 5138 progreditur.
2781 5069 2844 5124 [ι
2893 5071 3034 5126 enim
3091 5074 3447 5132 concedamus

1860 5157 2026 5213 Evam
2060 5159 2145 5213 die
2195 5170 2347 5216 sexto
2382 5161 2546 5217 inisse
2584 5163 2879 5229 Clllldlla'll,
2911 5164 3097 5224 solum,
3120 5165 3224 5240 9.99
3259 5182 3444 5228 versus

1858 5268 1888 5305 a
1919 5267 2074 5307 versu
2112 5253 2232 5320 HG,
2265 5253 2441 5306 Prima
2467 5255 2572 5308 dies
2602 5271 2769 5325 usque
2793 5255 2858 5309 ad
2889 5271 3106 5314 versant
3133 5257 3447 5324 M6,.Dixe-

1855 5353 1936 5397 rat
1965 5346 2066 5399 ista
2096 5343 2256 5411 Deus,
2291 5346 2342 5400 in
2375 5347 2590 5416 epllicio
2621 5361 2714 5402 sex
2745 5347 2950 5402 dierum
2997 5352 3448 5412 enarrandover.

1859 5447 2074 5502 santur;
2103 5437 2294 5506 reliqui
2327 5439 2428 5493 558
2462 5452 2630 5507 usque
2671 5438 2734 5492 ad
2767 5439 2926 5494 linem
2959 5440 3053 5496 lib.
3083 5458 3143 5510 1,-
3169 5455 3448 5512 peccatum

1858 5533 2150 5602 primorum
2180 5545 2457 5603 parentum
2477 5535 2911 5606 sententiamque
2934 5538 3027 5594 Dei
3059 5553 3367 5611 exponunt;
3392 5555 3448 5602 ct

1859 5624 2110 5694 quoniam
2158 5636 2525 5694 argumentum
2583 5629 2788 5683 auctori
2839 5631 3172 5700 propositum
3217 5644 3304 5690 est
3350 5637 3446 5693 Dei

1852 5722 2039 5776 laudes
2070 5737 2136 5776 ex
2170 5719 2329 5775 rebus
2361 5723 2558 5776 creatis
2591 5724 2861 5793 prosequi,
2888 5725 3156 5796 praacipue
3180 5729 3288 5797 63
3320 5745 3447 5784 vero

1844 5816 1959 5882 ejus
1987 5815 2246 5871 adversus
2278 5816 2522 5874 homines
2553 5817 2943 5888 benignitatem
2973 5821 3257 5889 extollere,
3282 5827 3445 5881 multa
