3994 6290
187 335 290 397 643

1575 313 2096 395 rnatsconssa.

3364 347 3467 407 616

186 480 329 534 enim
381 477 594 530 diverso
624 475 780 529 modo
808 475 1016 530 veniam
1046 491 1076 530 α
1110 475 1218 530 Deo
1257 475 1498 543 "eiussu
1531 475 1772 532 Dracon.
1803 447 1854 512 Α
1883 454 2157 507 metuebat
2186 456 2348 512 etiam
2381 471 2445 512 ne
2477 457 2579 512 vita
2617 454 2933 527 privaretur.
2963 447 3053 518 Sic
3083 461 3222 518 enim
3255 464 3467 523 aitDra-

189 569 309 630 tius,
346 581 410 620 ac
439 567 547 620 fere
576 578 630 619 ut
666 569 795 634 petit
823 565 1019 619 Μιτίιις
1052 563 1230 618 Victor
1269 565 1318 618 in
1349 566 1552 635 prolog.
1583 567 1778 618 carmi-

187 662 268 714 nis
296 659 349 714 in
382 657 612 713 Genesin
643 675 654 711 :

312 751 390 801 Ne
411 753 615 800 damnes
639 758 839 806 tantum,
868 750 996 810 quod
1019 761 1148 797 nunc
1166 761 1286 798 reus
1307 751 1488 811 audeo,
1511 761 1714 811 munus;

308 814 712 876 [luminibusque
736 814 859 860 litt'lS
879 813 1106 876 connive,
1132 820 1186 864 et.
1209 825 1355 873 parce
1381 813 1647 876 benignus.

313 876 456 936 Quod
476 877 515 925 si
540 874 655 934 lege
691 876 835 922 metri
861 874 1120 935 quidquam
1151 875 1427 933 peccaverit
1452 877 1589 936 ordo,

313 933 544 988 Feccarit
565 933 730 986 sermo
761 933 1071 996 improprius,
1104 948 1380 996 sensusque
1409 933 1655 993 vacillans,
1716 957 1720 964 -

312 1002 444 1052 Hinc
479 998 663 1050 nullum
687 998 797 1046 fidei
818 1001 996 1048 subeat
1017 1010 1244 1047 mensura
1274 997 1528 1060 periclum.

188 1090 248 1142 At
283 1085 610 1142 Dracontius
636 1083 828 1138 fatetur
857 1098 1016 1151 grave
1045 1082 1260 1152 aliquod
1288 1084 1491 1138 crimen
1521 1097 1550 1137 a
1583 1097 1643 1138 se
1677 1083 1779 1138 rei—

190 1194 278 1246 psa
311 1176 664 1236 con'imissum
713 1175 908 1240 fuisse;
951 1190 1123 1243 neque
1151 1173 1200 1228 id
1228 1176 1430 1230 crimen
1465 1175 1514 1229 in
1559 1190 1624 1230 eo
1663 1175 1778 1232 col-

191 1274 332 1348 locat
361 1269 504 1342 quod
538 1271 588 1326 in
639 1269 816 1338 aliquo
844 1270 1083 1324 carmine
1112 1267 1178 1326 de
1210 1267 1493 1337 triumphis
1521 1269 1602 1324 sui
1635 1267 1781 1339 prin-

188 1363 323 1433 cipis
357 1361 608 1429 tacuerit,
638 1361 730 1416 sed
761 1361 899 1428 quod
923 1400 936 1424 ,
968 1375 1088 1414 cum
1119 1359 1303 1416 Iaudes
1338 1360 1497 1430 hujus
1525 1361 1782 1428 patuisset

193 1454 502 1530 celebrare,
536 1471 598 1512 ex
631 1469 736 1524 quo
767 1454 983 1523 prtemia
1030 1452 1219 1508 fuisset
1246 1461 1586 1519 consecutus,
1615 1453 1778 1510 alium

191 1547 434 1616 ignotum
464 1547 563 1602 sibi
594 1555 668 1611 et,
715 1554 769 1598 ut
796 1560 892 1616 ego
920 1544 1132 1614 Opinor,
1157 1546 1409 1618 principis
1435 1545 1517 1602 sui
1547 1545 1778 1613 hostem,

191 1638 544 1702 celebrasset.

263 1731 356 1786 90.
400 1731 472 1786 lta
504 1731 643 1802 apud
677 1732 1018 1791 Sirmondum
1051 1732 1284 1803 loquitur
1317 1732 1672 1788 Dracontius:

313 1821 399 1872 Sic
415 1837 500 1886 me
522 1823 706 1886 lingua,
733 1824 886 1884 Dvus,
917 1824 1077 1884 lingua
1103 1830 1324 1886 patrante
1344 1814 1535 1874 reatum

380 1885 537 1935 Noxia
564 1885 702 1949 culpa
728 1887 887 1948 ligans
909 1888 1058 1936 traxit
1075 1885 1132 1933 ad
1173 1887 1353 1934 illicita.

196 1971 294 2026 Ubi
329 1970 384 2024 in
417 1968 653 2029 editicne
683 1969 981 2024 Matritcnsi
1012 1986 1077 2024 ex
1108 1967 1292 2023 codice
1325 1972 1542 2040 Magne
1569 1968 1783 2046 legitur,

200 2061 285 2115 Sic
308 2077 421 2113 mea
447 2062 605 2113 corda
633 2061 792 2114 Deus.
828 2061 1007 2129 Pergit
1040 2061 1357 2115 Dracontius
1382 2078 1396 2112 ε

319 2153 388 2203 Ut
405 2156 488 2215 qui
510 2153 633 2204 facta
656 2153 832 2202 ducunt
858 2167 1050 2216 possem
1075 2167 1277 2203 narrare
1303 2161 1513 2216 tuorum,

390 2217 531 2267 Unde
553 2218 667 2265 mihi
690 2215 887 2279 possent
906 2218 1032 2265 dona
1057 2217 1226 2265 venire
1247 2215 1413 2265 simul.

200 2302 382 2360 Melius
415 2303 467 2356 in
495 2303 680 2356 codice
703 2307 918 2370 Magn,
945 2317 1158 2355 narrare
1189 2316 1434 2354 meorum.
1456 2298 1616 2353 Addit
1649 2297 1789 2354 illico

202 2395 516 2450 Dracontiw
542 2412 554 2448 :

319 2489 529 2537 Praemia
560 2488 887 2550 desipicer-em,
919 2491 1076 2537 tacitis
1095 2494 1168 2538 tot
1185 2490 1390 2550 regibus
1413 2489 1571 2545 almis,

387 2551 448 2600 Et
469 2557 691 2613 peterem
713 2553 875 2600 subito
893 2559 1028 2604 certa
1055 2552 1234 2615 pericla
1256 2553 1420 2604 miser.

201 2623 370 2689 Minus
417 2635 555 2690 bene
603 2635 771 2690 codex
804 2639 1021 2706 Azagr.,
1064 2637 1213 2689 tactis
1240 2651 1340 2706 pro
1369 2637 1556 2690 tacitis.
1594 2635 1789 2688 lterum

203 2729 518 2784 Dracontius
548 2730 757 2800 culpam
786 2745 936 2783 suam
964 2732 1013 2783 in
1043 2730 1276 2800 linguam
1310 2730 1487 2800 rejirit
1514 2747 1526 2785 :

185 2813 188 2815 ’
327 2819 444 2868 Heu
467 2818 571 2868 me!
598 2822 776 2883 quippe
800 2821 916 2868 mihi
944 2820 1143 2870 vulnera
1173 2819 1336 2886 lingua
1361 2821 1514 2872 dedit.

207 2902 370 2957 Paulo
403 2911 520 2971 post
551 2901 812 2971 adjungit,
840 2899 958 2972 Ipse
984 2905 1107 2957 meis
1147 2914 1319 2972 parcet
1360 2905 1564 2970 erratis,
1594 2904 1799 2959 scilicet

207 2997 368 3058 Deus,
404 3003 458 3048 et
480 2992 644 3063 Culpa
675 2994 877 3066 quidem
913 2994 1079 3066 gravis
1101 3003 1191 3047 est.
1231 2994 1291 3048 Et
1319 2994 1511 3048 clarius
1542 2993 1677 3049 infra
1709 3013 1719 3046 :

326 3085 614 3151 Culpamihi
637 3084 799 3135 fuerat
817 3085 1037 3136 dominos
1060 3089 1277 3136 reticere
1301 3087 1571 3151 modestos,

390 3150 496 3222 67
528 3157 853 3220 Ignotumque
875 3159 991 3206 mihi
1011 3158 1256 3216 scribere,
1281 3172 1377 3208 nec
1394 3150 1662 3208 dominum.

208 3211 493 3296 ln'codice
545 3243 735 3309 Aaagr.
790 3255 1068 3309 perperam
1115 3240 1359 3294 molestos
1402 3255 1496 3309 pro
1524 3241 1794 3296 modestos.
1828 3211 1907 3274 θ’

203 3335 437 3404 Culpam
483 3347 635 3387 suam
666 3331 892 3387 subinde
927 3333 1248 3392 Dracontius
1287 3333 1516 3402 pulchro
1553 3334 1799 3402 exemplo

205 3427 431 3497 exponit
460 3443 473 3478 :

333 3519 504 3577 Qualis
527 3528 577 3568 et
611 3520 829 3578 ingratos
850 3520 1091 3578 sequitur,
1117 3520 1203 3580 qui
1228 3525 1396 3580 mente
1423 3518 1640 3579 profana,

397 3581 514 3630 Cum
537 3582 790 3629 Dominum
813 3582 992 3639 norint,
1021 3579 1148 3628 idola
1172 3592 1291 3629 vana
1315 3579 1499 3634 colunt.

336 3642 666 3691 lsraelitarum
690 3642 916 3702 pOpttlmn
940 3643 1008 3690 sic
1031 3642 1173 3704 culpa
1198 3643 1424 3702 tenebat,

399 3703 774 3764 Quaudeioblita
801 3704 958 3754 Deum
987 3703 1126 3764 plebs
1151 3704 1351 3752 vitulum
1376 3703 1542 3752 coluit.

211 3791 309 3852 llic
342 3801 502 3857 rogo,
535 3787 934 3856 quopactead
986 3801 1172 3854 poema
1222 3800 1432 3840 sacrum
1479 3790 1546 3839 de
1587 3786 1799 3853 Opilicio

206 3897 301 3936 sex
331 3882 538 3940 dierum
573 3879 690 3933 huic
735 3878 870 3934 trahi
901 3879 1157 3945 possunt?
1193 3876 1301 3932 Cur
1341 3878 1506 3946 eulpa-
1527 3876 1625 3932 fuit
1655 3877 1705 3931 iu
1734 3891 1798 3932 eo

208 3977 275 4030 de
332 3973 572 4043 principe
623 3987 728 4026 non
782 3972 964 4040 loqui?
1005 3982 1095 4025 aut
1123 3987 1216 4024 cur
1249 3973 1293 4025 is
1321 3972 1474 4024 irasci
1503 3970 1571 4023 ob
1600 3976 1699 4023 huc
1729 3969 1800 4022 si-

210 4067 438 4119 lentium
488 4064 710 4118 debuit?
749 4072 843 4116 aut
889 4079 984 4116 cur
1013 4063 1132 4126 ille,
1166 4064 1252 4130 qui
1287 4063 1378 4116 Dei
1410 4063 1592 4116 laudes
1633 4062 1798 4126 canit,

209 4170 261 4213 et
293 4158 362 4214 de
387 4157 485 4212 Suo
517 4158 757 4227 principe
782 4157 922 4222 silet,
954 4166 1293 4225 Comparatur
1322 4157 1369 4211 ei
1402 4156 1512 4224 qui,
1541 4171 1654 4208 eum
1696 4154 1801 4207 Do-

208 4255 407 4306 minum
439 4252 592 4316 norit,
620 4251 760 4304 idola
789 4267 918 4304 vana
945 4251 1098 4302 colit?
1137 4250 1249 4303 Non
1279 4265 1405 4320 ergo
1432 4251 1499 4304 de
1533 4248 1799 4326 Dracontii

211 4352 462 4412 poemate
491 4341 632 4412 quod
663 4342 919 4396 habemus
945 4383 958 4406 ,
1008 4341 1100 4396 sed
1135 4343 1200 4397 de
1231 4341 1334 4396 alio
1360 4386 1372 4408 ,
1422 4357 1529 4412 quo
1559 4343 1673 4410 ejus
1706 4355 1798 4395 rex

212 4437 453 4490 "ﬂemus
485 4438 602 4499 fuit,
634 4433 756 4505 quia
790 4436 841 4488 in
876 4425 1085 4490 laudem
1119 4437 1342 4505 alicujus
1373 4438 1454 4490 sui
1485 4437 1653 4490 hosds
1685 4443 1800 4490 erat

212 4529 593 4596 conipositnm,
624 4525 952 4597 intelligendi
980 4537 1100 4579 sunt
1135 4541 1322 4581 versus
1353 4542 1501 4596 seqq.
1533 4545 1541 4576 :

341 4623 511 4669 tluram
539 4629 588 4668 te
612 4621 817 4680 primum
842 4631 942 4680 me,
968 4621 1194 4666 carminis
1224 4619 1354 4667 illius
1377 4633 1485 4667 orsa

406 4683 541 4738 Quod
561 4681 690 4730 male
707 4683 941 4744 disposui,
967 4688 1188 4744 pix-nitet,
1221 4696 1281 4729 en
1304 4681 1473 4731 fateor.

352 4744 465 4791 l’ost
491 4752 561 4803 te,
588 4757 773 4791 summe
798 4743 948 4800 Deus,
971 4743 1088 4799 regi
1113 4743 1403 4804 dominoque
1427 4758 1542 4798 reus
1561 4756 1687 4806 sum,

409 4806 552 4864 Cujus
569 4806 630 4853 ab
652 4807 856 4865 imperio
879 4816 1024 4866 posco
1045 4819 1253 4865 gentens
1274 4809 1480 4854 veniam.

211 4893 348 4959 Quae
378 4890 648 4955 omnia,et
669 4889 821 4957 plura
848 4889 950 4942 alia
982 4905 1100 4957 qua:
1131 4899 1448 4957 sequuntur,
1485 4891 1536 4944 id
1569 4892 1807 4945 efficiunt

215 4985 361 5051 quod
395 4983 499 5036 dixi
528 5021 545 5048 ,
577 4983 629 5035 in
678 4981 776 5034 hac
802 4981 1024 5050 epistola
1074 4996 1176 5034 non
1218 4977 1349 5035 illud
1380 4997 1539 5052 agere
1573 4983 1808 5036 Dracon-

187 5125 192 5128 .
216 5091 377 5140 tium,
416 5088 473 5129 ut
500 5091 528 5128 a
555 5075 661 5128 Deo
691 5077 896 5128 veniam
925 5083 1066 5141 petat
1087 5076 1258 5144 siquid
1290 5077 1526 5129 carmine
1554 5077 1618 5130 de
1646 5092 1810 5144 opere

216 5155 316 5223 sei
353 5167 559 5220 dierum
609 5167 852 5219 incautus
893 5175 1166 5232 errasset,
1203 5176 1256 5220 et
1304 5183 1330 5218 a
1377 5167 1678 5223 Theodosio
1719 5168 1813 5222 Ju-

217 5257 552 5327 niore,qund
569 5256 758 5311 eodem
779 5273 942 5325 opere
969 5256 1035 5311 de
1064 5257 1209 5310 illius
1239 5257 1520 5327 triumphis
1539 5260 1809 5315 tacuisset.

293 5351 386 5406 91.
434 5349 636 5403 lieve't'a
667 5365 786 5402 eum
813 5347 1050 5404 codicem
1095 5348 1429 5415 Vaticanum,
1462 5352 1546 5405 ubi
1593 5369 1812 5409 cirmen

217 5449 294 5501 de
329 5447 436 5501 Deo
462 5453 658 5510 exstat,
693 5445 1120 5512 perlustrassem,
1157 5453 1211 5498 et
1242 5445 1292 5496 in
1321 5460 1373 5498 ιιι
1407 5445 1562 5514 hujus
1592 5463 1811 5515 poema-

221 5541 296 5595 tis
326 5540 458 5592 libro
489 5537 734 5607 legissem
764 5537 955 5605 quibus
983 5537 1234 5591 :erumnis
1259 5552 1544 5606 oppressus
1576 5539 1812 5596 Dracon.

189 5648 195 5652 ‘
225 5634 334 5687 tius
364 5631 468 5685 hoc
492 5645 627 5699 opus
653 5631 992 5697 composuit,
1040 5630 1156 5682 sine
1203 5629 1308 5683 ulla
1337 5630 1670 5688 dubitatione
1701 5636 1811 5690 col-

225 5725 336 5794 legi
359 5739 483 5779 cum
516 5725 724 5778 veniam
755 5741 782 5777 a
814 5737 939 5792 rege
968 5737 1064 5776 suo
1091 5732 1294 5791 petere,
1327 5740 1484 5792 quem
1533 5727 1601 5780 ita
1633 5728 1813 5794 gravi-

228 5827 314 5871 ter
361 5814 695 5883 oﬂ'enderat,
743 5825 796 5870 ut
843 5816 894 5870 in
924 5816 1128 5869 vincula
1183 5817 1365 5870 fuisset
1412 5818 1722 5886 conjectus,
1760 5829 1814 5875 et

1812 4596 1878 4654 Φ
1907 4634 2110 4703 Quibus
2160 4635 2409 4709 omnibus
2453 4636 2661 4688 accedit
2711 4645 2830 4691 nota
2873 4637 2924 4689 in
2957 4637 3061 4692 fine
3090 4638 3272 4709 elegia:
3300 4642 3488 4698 eadem

1886 543 2093 598 centius
2124 561 2188 600 eo
2219 547 2335 614 lib.,
2368 564 2508 604 vers.
2543 551 2646 606 576
2669 568 2814 624 seqq.
2847 571 2858 605 :
3327 567 3332 570 ‘

2013 657 2121 734 lict
2142 660 2260 734 mihi
2285 660 2316 734 !_
2341 661 2466 734 quod
2493 661 2674 712 facinus
2708 678 2801 712 non
2828 679 2923 715 uno
2948 678 3168 734 tempore
3195 677 3405 734 gestum,

2017 719 2076 768 Ut
2099 732 2205 768 mea
2229 719 2370 770 facta
2393 723 2539 782 luant,
2569 736 2761 788 tempus
2779 731 2998 778 ronvenit
3024 719 3072 778 in
3098 719 3275 778 unui’n.
3319 729 3321 734 “

2014 813 2070 855 .ﬂ.
2097 818 2108 829 .
2137 819 2150 855 ε
2181 818 2233 855 ..τ
2265 821 2276 830 .
2386 821 2396 833 .
2432 825 2442 833 .
2474 821 2485 834 .
2516 824 2525 834 .
2555 825 2564 834 .
2595 823 2605 836 .
2634 787 2815 855 Grai-or
2835 792 3045 853 undique
3083 805 3296 855 pressum

2014 843 2178 916 Yincla
2201 845 2372 915 ligant,
2400 855 2637 916 tormenta
2665 850 2879 914 domant,
2909 843 3147 903 consulat
3173 843 3388 916 egestas.

2015 903 2296 976 liudibriuin
2321 903 2536 969 generis.
2560 910 2696 959 dolor
2720 903 2958 974 omnibus,
2981 924 3129 976 atque
3164 903 3326 967 itii'm'c
3360 903 3386 964 ἐ

2063 973 2333 1047 subactus,
2361 985 2411 1027 et
2435 986 2614 1028 exutus
2636 993 2806 1042 magna
2831 986 2894 1047 de
2915 973 3059 1045 parte
3076 989 3329 1047 honorum,

2027 1040 2232 1104 mnibus
2267 1043 2501 1104 intonsus,
2531 1049 2698 1104 pann's
2717 1040 3069 1104 ὲιμιίιΙιιιιίιιΙιιιε
3093 1063 3220 1098 usus.

2013 1099 2167 1172 ﬁctus
2187 1107 2241 1172 et
2266 1103 2459 1172 ignotus
2480 1099 2673 1172 (testim,
2702 1099 2872 1172 abiere
2899 1121 3150 1172 parentes,

2014 1163 2298 1236 ye‘qttibus
2321 1165 2551 1236 impendi,
2582 1179 2690 1236 tuo;
2714 1163 3002 1236 dedidicere
3019 1163 3297 1236 propinqui,
3328 1212 3348 1225 .

2013 1224 2104 1292 Ycl
2132 1224 2412 1292 quicunque
2438 1224 2547 1292 fuit,
2577 1228 2740 1276 subito
2760 1229 2978 1280 discessit
3006 1224 3224 1284 amicus...
3284 1224 3296 1236 ’
3333 1224 3344 1292 ⁷,

2014 1286 2217 1358 agmina
2243 1286 2500 1336 servorum
2526 1287 2734 1351 fugiunt,
2761 1299 3010 1358 tempsere
3036 1295 3263 1358 clientes,

2016 1349 2117 1398 Nec
2141 1349 2348 1400 doluere
2371 1363 2530 1400 meam
2558 1349 2685 1401 tanta
2712 1357 2803 1402 sub
2821 1349 2959 1404 clade
2983 1359 3190 1406 ruinam.

2016 1411 2262 1477 irascente
2297 1411 2422 1469 Deo,
2450 1412 2617 1477 solatia
2642 1422 2814 1464 cuncta
2841 1427 3098 1477 negantur.

2014 1471 2117 1539 Hoc
2139 1481 2367 1539 superest
2396 1482 2448 1523 ut
2471 1475 2566 1524 vita
2592 1477 2748 1534 cadat,
2768 1478 2859 1525 nisi
2887 1471 3093 1539 parcere
3118 1482 3247 1529 mitis

2013 1534 2230 1587 Jusseris
2252 1536 2447 1598 afllicto,
2473 1551 2619 1600 quem
2642 1539 2712 1588 sic
2737 1534 2939 1602 fregere
2965 1541 3175 1592 dolores.

1893 1640 2016 1696 llaec
2044 1651 2097 1696 et
2127 1642 2226 1694 alia
2257 1640 2327 1698 ibi
2363 1642 2770 1710 Dracontius,et
2797 1654 3011 1701 catenas
3033 1646 3334 1718 praesertim
3362 1663 3464 1704 me:

1890 1743 2064 1788 morat
2091 1749 2233 1790 vers.
2261 1735 2367 1791 648
2401 1753 2413 1789 :

2014 1829 2122 1895 Me,
2140 1843 2277 1892 rogo,
2297 1830 2391 1891 jam
2417 1845 2590 1895 repara
2614 1833 2705 1880 sub
2723 1832 2956 1883 libertate
2978 1832 3208 1895 solutum,

2012 1891 2158 1942 Clade
2185 1891 2673 1957 catenarum—ferrato
2695 1897 2919 1958 pondere
2946 1909 3188 1958 pressum.

1887 1974 2004 2042 Quo
2032 1974 2258 2030 fortasse
2289 1977 2507 2046 respicit
2538 1993 2676 2031 vers.
2708 1978 2811 2032 60:).
2840 1993 2975 2048 seq..

2018 2069 2333 2135 Etlacrymas
2357 2072 2560 2122 intende
2580 2085 2732 2132 meas,
2762 2086 2884 2135 quas
2906 2073 3052 2124 fundo
3077 2077 3253 2126 diurna

2016 2129 2213 2190 Tristis,
2234 2140 2286 2179 et
2311 2140 2520 2182 extenso
2545 2129 2814 2195 prostrazu's
2835 2148 3040 2198 corpore
3062 2137 3266 2200 plango;

1895 2238 1992 2290 nisi
2022 2237 2122 2292 hoc
2153 2238 2271 2291 loco
2300 2238 2470 2292 innuit
2513 2240 2713 2309 lignum
2746 2251 2836 2294 aut
2869 2257 3087 2296 nervum
3127 2257 3231 2312 quo
3262 2233 3467 2300 reurnil

1895 2332 2056 2399 pedes
2106 2332 2302 2387 includi
2350 2333 2592 2387 solebant
2622 2341 2674 2388 et
2707 2351 2857 2397 srura
2886 2335 3099 2389 extendi
3133 2377 3145 2395 .
3175 2344 3285 2400 aut,
3316 2347 3368 2390 ιιι
3403 2337 3478 2391 Ιο-

1894 2426 2075 2493 quitur
2104 2424 2418 2481 Prudentius
2453 2427 2502 2481 in
2539 2427 2836 2496 Vincentio,
2868 2427 3158 2484 divaricari.

1966 2517 2055 2572 9:2.
2096 2517 2249 2572 Clara
2298 2518 2412 2571 hmc
2455 2529 2597 2584 sunt,
2649 2521 2740 2573 sed
2769 2523 2992 2575 clariora
3025 2537 3143 2592 quae
3173 2523 3225 2575 in
3256 2521 3362 2575 alio
3391 2537 3482 2576 co-

1897 2612 2014 2666 dice
2040 2612 2302 2666 Vaticano
2354 2615 2576 2676 inveni,
2630 2615 2716 2668 nhi
2767 2615 2932 2684 elegia
2980 2615 3243 2669 Dracont‘ii
3295 2615 3484 2684 legitur

1899 2703 2132 2756 nondum
2166 2704 2232 2756 ab
2273 2703 2510 2773 Eugenio
2542 2715 2628 2758 aut
2669 2707 2735 2759 ab
2765 2706 2885 2760 aliis
2911 2705 3246 2775 interpolata.
3278 2705 3482 2777 Quippc

1901 2795 1950 2847 in
1984 2795 2152 2864 elegia
2180 2798 2406 2864 gemina
2441 2811 2501 2850 ea
2531 2797 2646 2864 ipsa
2676 2811 2792 2866 qua:
2819 2813 2882 2852 ex
2933 2797 3220 2852 Sirmondo
3265 2798 3482 2864 protuli,

1900 2889 2201 2950 distinctius
2251 2890 2606 2956 explicantur,
2662 2901 2716 2944 et
2761 2891 2862 2944 alla
2907 2891 3175 2944 adduntur
3221 2905 3339 2959 qua:
3370 2885 3480 2947 reti

1901 2988 2064 3032 totam
2092 2991 2277 3049 aperte
2309 2981 2602 3036 declarant.
2637 2981 2725 3035 Sic
2755 2997 2896 3035 vers.
2925 2981 2988 3036 17
3023 2983 3093 3036 ait
3129 2982 3480 3036 Drabontius:

2028 3071 2132 3120 Hoc
2150 3079 2230 3120 tua
2257 3073 2407 3134 verba
2435 3073 2633 3133 probant
2665 3071 2832 3120 Most'o
2853 3071 2979 3121 dicta
3000 3074 3270 3134 prophetae,

2089 3135 2226 3193 Quod
2246 3132 2510 3184 duraturus
2533 3146 2615 3182 cor
2638 3135 2902 3186 Pharaonis
2925 3132 3051 3187 eras.

2027 3195 2106 3244 Sic
2140 3209 2248 3244 mea
2276 3197 2417 3244 corda
2447 3197 2595 3252 Deus,
2625 3206 2786 3246 nostro
2812 3204 3048 3255 peccante
3071 3203 3208 3246 reatu

2013 3279 2016 3282 ·
2075 3258 2350 3318 οΤθιιιροιιιε
2371 3259 2631 3318 immodici,
2659 3257 2797 3320 pellit
2821 3259 2878 3307 ad
2904 3258 3086 3309 illicita.

1940 3369 1944 3374 ,
2035 3320 2195 3384 Ut__qui
2225 3322 2346 3384 facta
2368 3322 2544 3370 ducum
2569 3333 2764 3384 possein
2787 3335 2984 3384 narrare
3003 3333 3242 3384 mearum,
3285 3367 3304 3378 _
3391 3335 3395 3338 ·

2087 3381 2304 3446 Nominis
2327 3383 2561 3442 Asdingui
2585 3383 2712 3431 bella
2736 3383 3112 3446 triumphigera,

2035 3443 2172 3492 Unde
2195 3445 2311 3493 mihi
2338 3455 2530 3492 merces
2553 3451 2716 3506 posset
2735 3457 2844 3494 cum
2869 3443 2947 3492 tan
2969 3443 3012 3493 ‘e
3034 3446 3204 3493 salutis

2098 3508 2302 3570 Munere
2326 3509 2575 3567 regnantis
2595 3519 2767 3570 magna
2791 3511 2962 3560 venire
2989 3507 3152 3564 simul,
3185 3543 3192 3552 .

2033 3569 2236 3617 Praemia
2255 3568 2585 3629 deSpicerem,
2607 3568 2696 3618 εισι

1905 3655 1946 3706 1)
1968 3653 2106 3708 inde
2139 3669 2281 3707 vers.
2319 3653 2387 3707 49
2418 3654 2718 3709 sichahet:

1900 3745 2008 3816 69
2030 3753 2136 3816 Ipse
2173 3766 2284 3801 meo
2305 3754 2499 3802 domino
2525 3753 2661 3802 Deus
2686 3729 2914 3816 imperat,
2945 3761 3091 3815 atque
3114 3755 3306 3816 juhebit

2089 3813 2153 3864 Ut
2179 3827 2257 3863 ine
2279 3816 2509 3864 restituat
2533 3813 2861 3877 t'es;.iciatqtte
2889 3813 3010 3878 pius.

1907 3920 2192 3973 Dominum
2227 3931 2381 3974 vocat
2407 3935 2562 3989 suum
2597 3935 2806 3990 regem,
2839 3922 2906 3976 de
2933 3937 3038 3988 quo
3065 3923 3237 3993 pergit
3266 3922 3485 3987 dicere:

2025 4011 2222 4084 Servet,
2253 4012 2325 4059 avi
2364 4017 2415 4058 ιιι
2443 4010 2612 4084 laudes
2633 4011 2808 4082 dicam,
2836 4013 3134 4076 patriasque,
3155 4026 3394 4084 suasque,

2093 4073 2288 4135 Perque
2309 4086 2420 4120 suas
2445 4073 2604 4134 proles
2627 4075 2763 4135 regia
2793 4073 2896 4124 veta
2923 4073 3128 4122 canam.
3155 4073 3159 4076 ’
3267 4073 3300 4084 “’
3339 4087 3344 4090 ·

1906 4159 2092 4213 POSlea
2125 4173 2254 4212 vero
2284 4173 2424 4212 vers.
2457 4158 2591 4213 285:

2027 4252 2077 4301 Si
2097 4253 2218 4319 ipse
2241 4265 2335 4313 ego
2357 4253 2569 4319 peccavi,
2595 4265 2813 4319 quietiam
2833 4261 2907 4319 est
2927 4266 3065 4315 rego,
3091 4255 3230 4319 culpa
3253 4267 3489 4319 meorum,

2090 4313 2222 4372 Quos
2239 4314 2382 4362 simul
2407 4313 2808 4375 exagitat-frigus
2831 4313 3070 4378 impsque
3093 4313 3287 4366 fames?

1904 4396 1970 4450 Et
1998 4409 2184 4451 rursus
2211 4409 2350 4450 vers.
2387 4394 2482 4449 3H
2513 4412 2526 4446 :

2028 4490 2328 4555 Da_veniam,
2354 4491 2616 4555 miserere,
2646 4502 2838 4555 precor,
2862 4504 3091 4555 succurre
3115 4495 3302 4555 roganti
3327 4509 3339 4554 ;

2093 4551 2300 4599 Pristina
2325 4550 2564 4600 sufﬁciant
2589 4553 2818 4611 verbera,
2845 4551 3018 4616 vincla,
3048 4550 3214 4602 fames.

1907 4724 2078 4777 veteri
2116 4740 2274 4777 manu
2307 4707 2485 4788 addita
2512 4744 2526 4782 :
2556 4723 2784 4794 Explica
2813 4725 3109 4798 Satisfactio
3139 4707 3402 4788 Dracontii
3424 4735 3490 4788 ad

1909 4812 2295 4869 Cullmmndum
2334 4831 2498 4885 regem
2521 4816 2912 4873 Gumtdalorum
2931 4861 2945 4883 ,
2989 4821 3111 4874 dum
3138 4831 3270 4875 esset
3297 4826 3346 4876 in
3381 4828 3492 4880 vin-

1908 4907 2056 4960 culis.

1981 4999 2068 5051 93.
2118 4998 2249 5052 llinc
2275 4993 2455 5053 ’etiam
2485 5011 2694 5056 consiat
2718 5045 2731 5066 ,
2787 5019 2890 5058 non
2916 5003 2980 5058 ad
3014 5004 3372 5076 Theodosium
3405 5008 3495 5063 Ju-

1917 5091 2119 5144 niorem
2155 5093 2472 5159 Angustum,
2504 5101 2560 5147 ut
2584 5094 2755 5148 codex
2787 5095 3059 5150 Sirmundi
3092 5097 3282 5160 hal'e',
3305 5099 3396 5153 sed
3431 5102 3496 5155 ad

1919 5197 2097 5246 regem
2113 5183 2470 5239 Vandalorum
2500 5225 2511 5249 ,
2540 5186 2652 5239 sive
2680 5226 2691 5248 ,
2723 5195 2780 5240 ut
2805 5187 2892 5240 alii
2924 5188 3496 5254 scribunt.,W.-md.ilo-

1920 5289 2058 5336 rum,
2087 5275 2344 5329 directam
2380 5273 2544 5330 fuisse
2578 5276 2842 5330 Dracontii
2875 5276 3498 5348 Satisfactionern.,Qnod

1919 5377 2094 5422 autem
2137 5384 2228 5422 rex
2258 5367 2650 5424 Guandalorum
2679 5371 2732 5424 in
2762 5368 2946 5426 Codice
2978 5370 3237 5426 Vaticano
3267 5364 3497 5437 dicut'nr,

1921 5459 2052 5512 nihil
2081 5458 2276 5514 refert:
2307 5475 2428 5514 nam
2456 5459 2555 5514 etsi
2586 5460 2686 5514 hoc
2712 5459 2963 5523 mendum
2994 5463 3292 5525 esset.leve
3321 5475 3498 5522 L‘tmetl

1923 5562 2082 5605 esset.
2133 5551 2238 5605 Sed
2289 5553 2498 5622 reperio
2556 5547 2850 5608 Wandalos
2897 5556 3020 5610 olim
3074 5569 3294 5614 vocatos
3339 5563 3500 5619 etiam

1920 5642 2084 5698 fuisse
2114 5643 2412 5699 Guandalos
2452 5660 2471 5700 :
2513 5645 2584 5698 ita
2629 5657 2780 5703 certe
2813 5658 3072 5704 vocantur
3110 5650 3164 5705 in
3194 5653 3387 5721 glossis
3437 5655 3500 5712 ad

1924 5737 2198 5790 Aratorem
2231 5738 2351 5791 cod.
2388 5739 2503 5792 Vat.
2538 5739 2754 5809 Reginae
2786 5757 2930 5794 num.
2963 5743 3089 5808 500,
3125 5745 3302 5798 saeculi
3348 5762 3402 5809 .l,
3437 5747 3501 5804 ad

1922 5845 2060 5882 vers.
2085 5831 2117 5883 ἓξ
2137 5830 2282 5898 prmi.
2303 5830 2358 5896 τὶ,
2377 5831 2461 5884 ubi
2492 5833 2756 5900 glossator
2783 5835 2852 5888 ait
2880 5852 2892 5887 ε
2921 5835 3086 5898 Tum”,
3124 5836 3175 5888 id
3197 5845 3267 5889 est
3296 5837 3501 5899 quando
