3994 6290
554 318 656 373 θη

1962 292 2408 369 otttcourius.

544 424 716 481 [tanta
742 420 942 480 obsessa
971 423 1089 493 (ait,
1111 430 1159 477 et
1179 428 1406 490 tsinpore
1424 431 1523 488 quo
1542 413 1802 469 Gnandali
1830 413 2124 469 obsederant

2234 411 2423 469 eodem
2470 413 2689 469 nomine
2729 413 3075 485 Asdingorttm
3104 412 3327 471 Grotius
3352 413 3552 471 excitat
3583 414 3816 476 Priscum

548 517 770 575 Romam
796 526 844 572 et
867 515 1193 570 devastabant
1233 520 1391 566 totam
1423 510 1703 581 regionem,
1749 518 1863 562 orta
1898 515 1973 562 est
2005 521 2127 560 con-

549 613 704 669 tentio
716 612 782 666 de
799 611 1028 683 eligendo
1054 606 1352 681 apostolico,
1374 604 1466 658 sed
1493 611 1669 671 postea
1694 602 1850 657 electo
1878 617 2011 671 papa
2034 598 2129 655 Vi-

548 707 674 779 gilio
712 711 1024 761 recesserunt
1063 703 1250 767 hostes,
1282 710 1330 752 et
1352 697 1416 753 de
1441 697 1539 751 hoc
1559 697 1783 765 loquitur
1802 696 1979 751 modo.
2008 693 2129 750 Fal-

546 818 664 858 sum
692 800 904 872 quidem
929 806 1013 855 est
1034 796 1260 851 Romam
1287 802 1415 848 tunc
1445 792 1608 847 fuisse
1635 791 1912 846 obsessam
1941 803 1970 842 a
1987 787 2128 843 Van-

546 893 683 949 dalis
707 933 723 957 ,
752 905 977 962 quorum
1007 903 1139 958 opes
1171 887 1224 941 in
1253 884 1430 940 Alrira
1461 883 1621 953 paulo
1648 890 1776 937 ante
1805 897 1834 935 a
1865 879 2128 937 Belisario

546 986 759 1043 inerant
783 983 995 1054 penitus
1016 978 1230 1035 excisae.
1253 979 1362 1038 Sed
1384 973 1603 1030 minime
1625 974 1811 1028 dubito
1835 972 1962 1043 quin
1984 970 2128 1041 glos-

544 1090 692 1135 sator
704 1074 995 1131 Wandalos
1046 1074 1099 1128 in
1129 1071 1419 1128 Guandalis
1445 1066 1795 1135 intellexerit,
1823 1076 1913 1120 aut
1938 1063 2124 1120 saltem

543 1171 792 1228 librarius
814 1186 912 1241 pro
935 1167 1213 1223 Wandalis
1250 1164 1551 1222 Guandalos
1605 1159 1903 1232 scripserit.
1943 1157 2128 1227 Neque

542 1265 694 1321 deest
723 1264 860 1320 ratio
902 1276 997 1317 cur
1022 1260 1271 1316 Wandali
1301 1257 1406 1313 dici
1443 1257 1652 1328 possint
1680 1251 1939 1309 Guandali
1963 1266 1982 1306 :
2003 1266 2127 1306 nam

543 1374 588 1416 tv
618 1358 861 1413 eamdem
893 1356 999 1410 vim
1040 1356 1202 1410 habet
1225 1368 1289 1409 ac
1316 1369 1387 1421 gu
1416 1353 1466 1406 in
1497 1350 1680 1405 multis
1715 1347 2040 1412 nominibus,
2071 1353 2131 1400 ut

547 1448 809 1520 Wlphilus
836 1487 852 1513 ,
895 1456 951 1502 et
977 1444 1251 1514 Gulphilas
1277 1483 1292 1509 ,
1324 1442 1616 1498 Wilielmus
1641 1481 1657 1507 ,
1709 1449 1765 1494 et
1789 1436 2092 1491 Guilielmus
2108 1454 2128 1501 ;

544 1548 807 1608 notatque
836 1537 987 1606 Hugo
1016 1535 1232 1591 Grotius
1280 1535 1333 1588 in
1366 1533 1542 1588 indice
1573 1531 1848 1586 nominum
1876 1529 2131 1586 Gothico-

544 1645 666 1687 rum
692 1671 706 1695 ,
735 1628 1146 1685 Vandalicorum
1171 1667 1185 1690 ,
1227 1636 1330 1682 etc.
1357 1666 1374 1693 ,
1409 1634 1531 1696 post
1555 1622 1884 1679 lornandeir.
1910 1632 1966 1677 et
1993 1622 2128 1679 alios

545 1722 838 1786 historicos
865 1736 893 1774 a
924 1735 985 1777 se
1012 1720 1187 1775 editos
1210 1758 1227 1786 ,
1256 1735 1300 1773 w
1330 1718 1383 1773 in
1418 1735 1487 1789 gu
1529 1716 1841 1785 frequenter
1883 1714 1953 1771 ab
1983 1713 2126 1769 Italis

2232 505 2521 562 Patricium
2549 545 2566 573 ,
2593 505 2693 562 sed
2723 505 3153 563 iortasse'voluit
3189 506 3372 564 dicere
3401 505 3622 567 Petrum
3650 509 3816 568 Patri-

2230 600 2394 656 cium.
2425 599 2725 657 Jornandes
2754 641 2770 667 ,
2800 600 2868 656 de
2892 600 3027 657 Reb.
3054 599 3233 656 Getic.
3263 615 3387 673 cap.
3418 601 3510 671 16,
3542 601 3614 660 de
3640 603 3817 662 Ostro-

2229 691 2390 763 gotha
2429 706 2558 762 rege
2600 678 2898 748 Gothorum
2946 691 3048 747 sub
3083 692 3333 763 Philippo
3370 694 3697 765 imperatore
3741 697 3816 755 lo-

2231 801 2403 858 quens
2431 787 2507 841 ait
2547 809 2561 841 ;
2612 785 2847 857 Triginta
2874 786 3036 841 millia
3074 786 3299 841 uirorum
3335 797 3539 842 armata
3572 793 3818 859 produnt

2229 878 2297 943 ad
2323 878 2579 949 pra'lium,
2612 878 2858 934 adhibitis
2883 878 2982 934 sibi
3014 878 3285 951 Thaphilis
3346 889 3394 934 et
3420 881 3697 955 Astringis.
3724 882 3818 938 Bo-

2231 979 2527 1027 naventura
2561 970 2854 1027 Vulcanius
2900 973 2955 1027 in
2994 981 3136 1028 notis
3191 986 3290 1041 pro
3338 972 3557 1030 diversa
3596 974 3816 1034 lectione

2230 1063 2420 1118 scribit
2462 1061 2718 1133 Thaifalis
2762 1073 2819 1118 et
2864 1064 3126 1133 Asdingis.
3172 1063 3319 1120 Idem
3364 1063 3709 1137 lornandes,
3754 1069 3814 1126 de

2230 1153 2366 1213 Reb.
2392 1155 2570 1213 Getic.
2621 1172 2741 1228 cap.
2771 1157 2876 1225 22,
2920 1158 2989 1214 de
3037 1173 3166 1230 rege
3194 1158 3494 1217 Gothorum
3524 1160 3811 1222 Gebcricbo

2228 1248 2330 1304 sub
2358 1249 2751 1304 Constantino:
2777 1249 3015 1307 Gloriam
3042 1253 3244 1324 generis
3265 1254 3350 1308 sui
3371 1254 3524 1324 {actis
3543 1256 3810 1316 illata-ttat

2230 1345 2533 1411 aequauit,
2565 1344 2820 1414 primitias
2846 1347 2990 1416 regni
3012 1347 3094 1400 sui
3118 1362 3237 1401 mon:
3256 1347 3311 1401 in
3347 1346 3663 1404 Wandaliea
3680 1361 3809 1421 gate

2231 1437 2499 1492 extendere
2520 1438 2733 1507 cupiens
2759 1448 2941 1493 contra
2978 1438 3223 1495 Visumst
3249 1457 3427 1496 eorum
3445 1458 3620 1514 regent
3638 1445 3808 1501 Aadino

2229 1543 2409 1597 garum
2438 1544 2465 1582 e
2492 1528 2669 1599 stirpe,
2697 1544 2813 1601 qua:
2839 1531 2972 1584 inter
3003 1546 3093 1586 eos
3115 1533 3321 1599 minet,
3349 1549 3612 1606 genusque
3634 1535 3808 1592 indicat

2232 1620 2671 1676 bellicosissimam
2695 1664 2711 1688 ,
2760 1621 2993 1695 Dexippo
3035 1624 3279 1680 historico
3304 1626 3593 1697 referente.
3644 1627 3806 1700 Itane

2232 1708 2450 1766 Grotius
2475 1710 2531 1766 in
2560 1712 2871 1782 przelatione
2913 1714 2980 1769 ad
3009 1714 3335 1773 Jornandem
3383 1718 3631 1790 aliosque
3656 1719 3804 1778 histo-

544 1826 599 1873 et
627 1814 792 1872 Gallis
836 1812 1051 1867 mutari.
1081 1810 1350 1866 Potuisset
1396 1809 1596 1864 addere
1639 1808 1902 1877 Hispanos
1926 1825 1939 1860 :
1964 1807 2051 1878 qui
2080 1806 2126 1862 si
2156 1799 2204 1861 Β
2233 1800 2373 1857 ricos
2398 1844 2414 1870 ,
2464 1803 2669 1874 primos
2704 1803 3061 1861 Vandalorum
3107 1822 3264 1879 reges
3287 1820 3538 1865 recenset
3575 1810 3798 1883 Rbaum,

544 1907 614 1963 ad
643 1907 777 1962 hanc
814 1905 924 1977 7o
949 1903 1189 1975 aliasque
1243 1901 1547 1973 bujusmodi
1579 1901 1986 1957 observationes
2014 1899 2129 1955 ani-

542 2017 687 2059 mum
730 2000 1073 2055 adverterent
1096 2039 1110 2061 ,
1160 1994 1367 2052 facilius
1399 1994 1632 2066 plurium
1662 2009 1849 2049 vocum
1878 1991 1961 2049 sui
1992 1990 2128 2047 idio-

542 2095 703 2153 matis
728 2093 987 2164 originem
1016 2086 1343 2146 invenirent.
1378 2089 1433 2144 ln
1467 2085 1795 2142 Dictionario
1824 2085 2130 2142 Academia:

542 2187 697 2258 llisp.
732 2185 866 2242 nihil
895 2182 1150 2241 deﬁnitur
1178 2182 1321 2237 unde
1346 2179 1548 2235 dictum
1578 2180 1648 2234 sit
1672 2186 1881 2251 guante,
1903 2194 2021 2249 qua:
2046 2186 2130 2233 est

543 2280 876 2346 rhirotheca,
928 2277 1028 2333 nisi
1055 2274 1198 2348 quod
1226 2276 1455 2331 refertur
1479 2272 1663 2344 Opinio
1706 2272 2009 2338 Broeensis,
2038 2271 2129 2342 qui

542 2373 797 2431 censebat
824 2388 855 2427 a
885 2371 1107 2428 civitate
1135 2368 1392 2424 Gandavo
1416 2374 1438 2431 ,‘
1486 2367 1629 2422 unde
1673 2366 1854 2422 aﬂcrri
1883 2364 2131 2421 solebant

542 2466 891 2533 chirotlieete,
922 2462 1246 2534 appellatum
1270 2470 1481 2534 guante.
1513 2458 1823 2530 Stephanus
1846 2459 2125 2524 Terreros,

541 2561 630 2634 qui
663 2558 846 2631 paucis
874 2565 1000 2614 ante
1025 2556 1180 2613 annis
1209 2553 1464 2610 Forolivii
1492 2552 1764 2619 decessit,
1804 2551 2128 2607 laboriosum

540 2666 596 2713 et
636 2653 905 2711 eruditum
948 2648 1334 2706 Dictionarium
1365 2646 1711 2717 Hispanicum
1745 2644 2020 2730 nominum
2046 2658 2133 2698 ar-

542 2749 674 2805 tium
704 2756 759 2802 et
782 2744 1126 2803 scientiarum
1157 2756 1260 2797 ms.
1290 2740 1343 2795 in
1374 2740 1625 2809 Hispania
1657 2735 2128 2809 reliquerat,quod

540 2847 663 2909 post
703 2836 821 2907 ejus
863 2836 1065 2890 obitum
1095 2831 1363 2904 publicam
1393 2830 1572 2886 lucem
1605 2829 1738 2884 vidit
1768 2828 1966 2883 Matriti
1993 2844 2007 2881 :
2032 2826 2126 2883 sed

536 2930 687 2988 nulla
736 2927 861 2984 inde
909 2925 1004 2982 lux
1033 2924 1294 2981 vocabulo
1317 2934 1508 2996 guante
1537 2921 1860 2977 illustrando
1887 2918 2125 2990 alfulgct.

538 3023 675 3080 Vera
703 3021 937 3079 nominis
966 3022 1116 3091 origo
1142 3030 1226 3075 est
1254 3033 1285 3073 a
1310 3018 1534 3084 Wanto,
1566 3027 1620 3073 et
1645 3033 1687 3071 w
1714 3015 1766 3071 in
1798 3033 1865 3087 gu
1896 3024 2122 3083 mutato,

538 3123 753 3190 quanto.
770 3113 908 3169 Beda
931 3113 983 3167 in
1000 3112 1119 3167 Vita
1149 3111 1206 3167 S.
1228 3110 1541 3166 Columbani
1570 3123 1688 3178 cap.
1712 3107 1799 3173 14,
1816 3107 2126 3179 Tegumenta

540 3172 805 3274 "inanium,
828 3219 943 3275 qua:
972 3201 1109 3259 Galli
1139 3218 1368 3267 muros,
1397 3204 1451 3256 id
1482 3210 1556 3255 est
1583 3199 1896 3255 chirothecas
1925 3211 2125 3255 vocant.
2153 3172 2200 3236 (ἶ

540 3296 733 3368 Papias
761 3297 813 3351 in
844 3294 1088 3349 vocabul.
1112 3336 1126 3360 ,
1161 3292 1465 3349 Chirotheca
1489 3335 1504 3361 ,
1556 3293 1693 3346 ranti
1719 3333 1735 3359 ,
1763 3291 1817 3345 id
1841 3300 1913 3345 est
1950 3308 2129 3348 manus

541 3389 704 3445 theca.
741 3386 983 3453 Martiae,
1009 3402 1135 3455 quas
1162 3384 1312 3456 vulgo
1344 3393 1539 3439 wantos
1562 3383 1904 3453 appellamus.
1932 3383 1984 3437 lu
2009 3383 2128 3439 Vita

540 3481 603 3541 S.
636 3477 919 3536 l’hiliberli
944 3477 1156 3533 abbatis
1186 3474 1281 3531 lib.
1312 3490 1367 3541 i,
1417 3490 1537 3546 cap.
1571 3475 1637 3531 l2
1662 3516 1677 3542 ,
1716 3473 1875 3538 Latro
1910 3485 2129 3547 guantos

506 3603 517 3611 -
541 3574 683 3630 illius
711 3572 891 3626 illicita
915 3569 1314 3642 praesumptione
1332 3568 1537 3640 {oratus
1556 3578 1648 3623 est.
1669 3567 1878 3624 Videsis
1920 3568 2127 3624 Ducan-

495 3685 504 3694 η
539 3666 685 3737 εἰιιιιι
714 3664 880 3720 verbo
906 3661 1164 3718 Wsttrus.

608 3758 699 3815 9i.
739 3755 897 3815 Aliud
925 3766 1007 3812 est
1033 3757 1086 3811 in
1115 3754 1361 3811 versibus
1382 3754 1566 3826 elegia:
1593 3770 1623 3810 a
1658 3754 1812 3811 nobis
1833 3753 2010 3810 relatis
2038 3769 2130 3809 no.

539 3866 684 3917 men,
707 3865 773 3907 ex
794 3863 899 3921 quo
919 3849 1140 3905 omnino
1165 3848 1499 3903 convincitur
1517 3849 1803 3903 Dracontio
1825 3863 1937 3903 rem
1965 3848 2126 3903 fuisse

538 3961 659 4002 cum
689 3958 814 4015 rege
836 3942 1218 3998 Vandalorum.
1259 3942 1391 3998 Cum
1421 3941 1563 3997 enim
1596 3941 1760 3997 duces
1790 3956 1915 3997 suos
1953 3940 2128 3996 nomi-

538 4045 720 4097 nasset
739 4077 756 4103 ,
783 4036 936 4105 cujus
965 4037 1140 4106 gentis
1168 4035 1242 4089 illi
1273 4035 1381 4090 sint
1406 4035 1570 4091 duces
1599 4046 1785 4105 aperte
1812 4022 2087 4093 declarat:

664 4138 831 4202 thni
855 4137 1390 4202 factaducumposs‘em
1414 4148 1615 4202 narrare
1637 4151 1879 4202 meorum,

725 4198 947 4251 Nominis
969 4198 1202 4260 Asdingui
1227 4198 1360 4247 bella
1383 4200 1756 4262 triumphigera.

540 4296 618 4355 Ex
643 4302 800 4367 gente
822 4290 982 4364 igitur
1002 4290 1395 4361 Asdinguormn
1417 4291 1493 4346 illi
1515 4292 1681 4347 duces
1701 4301 1872 4349 erant.
1895 4293 2123 4361 Quinam

538 4390 716 4447 autem
762 4385 851 4441 alii
897 4393 1022 4440 sunt
1064 4381 1341 4451 Asdingui,
1372 4383 1474 4440 nisi
1512 4384 1768 4440 Vandali?
1806 4386 1960 4457 Apud
1990 4386 2125 4443 alios

538 4481 827 4548 scriptores
849 4477 901 4532 iu
928 4474 1029 4530 boc
1056 4474 1273 4530 nomine
1296 4476 1646 4546 exprimendo
1668 4476 1882 4534 codices
1901 4489 1956 4533 et
1980 4479 2122 4534 edita

537 4570 863 4641 exemplaria
915 4565 1155 4622 nonnihil
1198 4568 1406 4622 variant
1448 4585 1462 4623 :
1496 4567 1589 4623 sed
1634 4584 1763 4640 gens
1793 4570 1978 4626 cadem
2010 4579 2113 4639 est,
2155 4550 2202 4612 θ

537 4665 652 4721 sive
676 4661 872 4734 Astingi
896 4701 911 4727 ,
938 4660 1051 4716 sive
1079 4658 1329 4730 Astringi,
1358 4659 1472 4715 sive
1498 4661 1713 4734 Asdingi
1738 4704 1749 4725 .
1782 4664 1895 4719 sive
1923 4664 2115 4720 Asdin-

537 4757 624 4830 gui
678 4765 953 4811 vocentur.
995 4752 1229 4809 Primam
1290 4751 1446 4821 hujus
1508 4755 1735 4811 nationis
1792 4758 2118 4815 mentionem

537 4848 678 4920 apud
711 4848 931 4903 Dionem
960 4845 1203 4900 Cassium
1230 4846 1446 4900 invenio
1489 4846 1584 4901 lib.
1617 4864 1764 4914 ιςχι,
1796 4850 1882 4905 ubi
1913 4851 2023 4921 agit
2051 4851 2118 4907 de

536 4939 680 4997 bello
693 4936 1123 4994 Mareomannico
1152 4937 1252 4991 sub
1278 4940 1548 4993 Antonino
1579 4940 1902 5013 Philesopho
1921 4941 2122 4998 :Astin-

537 5034 624 5105 gui
654 5048 790 5098 vero,
819 5031 906 5101 qui
932 5030 1134 5084 Rhaum
1158 5071 1173 5095 ,
1210 5029 1534 5101 Rhammque
1557 5032 1708 5086 duces
1735 5032 2005 5100 habebant,
2033 5051 2120 5091 ve-

540 5141 657 5180 nere
682 5124 886 5195 quidem
907 5132 952 5175 et
979 5120 1091 5185 illi,
1134 5129 1186 5174 nt
1214 5122 1426 5177 Daciam
1453 5124 1749 5180 incolerent.
1778 5125 1968 5184 Postea
2000 5144 2123 5186 nar-

538 5226 624 5273 rat
644 5230 737 5272 eos
760 5228 944 5284 pacem
967 5212 1035 5268 ab
1052 5214 1320 5270 Antonino
1337 5216 1653 5284 impetrasse
1675 5216 1773 5273 hac
1793 5220 2118 5294 conditione,

540 5304 920 5365 sivnationibus
947 5312 1072 5359 tunc
1100 5304 1293 5362 bellmn
1322 5322 1441 5361 cum
1471 5322 1535 5362 co
1563 5312 1871 5380 gerentibus
1910 5315 2117 5373 cladem

543 5400 866 5457 intulissent.
893 5402 968 5455 Ac
990 5400 1348 5469 praestiterunt
1373 5417 1502 5457 sane
1528 5404 1767 5459 nonnihil
1792 5422 1978 5462 eorum
2001 5424 2120 5481 qua:

542 5491 949 5566 pollicebantur.
999 5491 1375 5549 'Iumolllist.
1413 5495 1657 5565 Byzant.,
1705 5514 1823 5570 pag.
1873 5500 1944 5555 24
1987 5503 2117 5560 edit.

542 5585 756 5651 l‘aris.,
806 5585 859 5640 in
907 5584 1186 5656 Execrptis
1233 5586 1300 5643 de
1346 5587 1598 5658 legation.
1631 5588 1777 5647 Petri
1803 5593 2017 5651 Patricii
2064 5606 2121 5655 et

2233 1894 2462 1950 Rhatum
2491 1938 2507 1963 ,
2536 1896 2880 1954 Wisimarcm
2904 1942 2919 1966 ,
2976 1899 3205 1957 Crocum
3232 1944 3247 1970 ,
3281 1901 3631 1961 Frididalum.
3673 1906 3797 1964 idem

2231 1984 2453 2044 Grotius
2478 1989 2530 2043 in
2576 1988 2751 2045 indice
2775 1991 3061 2048 verborum
3089 1992 3435 2051 Gothicorum
3463 2037 3478 2060 ,
3508 1994 3799 2056 Vandalica-

2230 2093 2372 2146 rum,
2402 2088 2533 2151 etc.,
2561 2080 2783 2138 verbum
2805 2081 3026 2155 Asdingi
3050 2083 3183 2140 dicit
3206 2100 3326 2143 esse
3345 2087 3417 2143 ab
3441 2087 3727 2162 Halat-dim
3750 2109 3797 2158 ιι,

2230 2170 2374 2243 quod
2402 2182 2487 2228 est
2512 2173 2645 2230 celer
2662 2173 2715 2230 in
2731 2175 2934 2245 judicio
2956 2175 3179 2249 publica.
3205 2178 3509 2237 .lornandes
3529 2182 3634 2239 alio
3658 2184 3799 2241 modo

2230 2265 2486 2332 eprcaL

2852 2364 3080 2422 CAPUT
3122 2366 3186 2421 Χ.

2235 2450 2346 2507 Sub
2372 2451 2660 2511 Gunthario
2696 2456 3049 2533 Vandatorum
3076 2475 3193 2533 rege
3215 2462 3269 2513 in
3300 2460 3561 2533 Hispania
3577 2464 3798 2520 scribebat

2861 2529 3197 2586 Dracontius.

2305 2637 2396 2693 95.
2446 2638 2653 2698 Nomen
2704 2644 2846 2714 regis
2886 2644 2953 2699 ad
2998 2661 3158 2717 quem
3205 2646 3514 2705 Satislactio
3556 2649 3801 2714 Draconlii

2232 2731 2431 2801 scripta
2464 2740 2565 2799 est,
2618 2733 2670 2789 in
2702 2734 3182 2807 codiceVaticaiio
3220 2738 3421 2795 dicitur
3448 2740 3800 2799 Guthamndus.

2233 2823 2589 2901 Quaerendum
2634 2840 2763 2896 ergo
2791 2837 3041 2894 superest
3064 2843 3161 2885 cur
3185 2831 3330 2885 hunc
3371 2846 3556 2904 regem
3582 2833 3801 2892 Guntba-

2231 2917 2368 2970 rium
2405 2916 2573 2973 fuisse
2612 2933 2709 2989 pro
2737 2930 2886 2976 ccrto
2917 2920 3247 2993 habeamus,
3293 2940 3414 2981 cum
3461 2941 3654 2985 nomen
3690 2927 3801 2985 illud
3888 2989 3893 2995 ,

2231 3021 2543 3080 corruptum
2583 3012 2649 3065 ad
2691 3012 2856 3068 alium
2910 3013 3270 3071 Vandalorum
3312 3018 3494 3089 regem
3526 3021 3692 3091 possit
3724 3022 3801 3078 de-

2232 3102 2489 3172 torqueri.
2518 3104 2644 3160 Haee
2665 3107 2892 3175 quwstie
2914 3108 3052 3163 viam
3082 3108 3236 3165 nobis
3256 3113 3430 3180 aperit
3452 3110 3521 3167 ad
3544 3110 3802 3170 historiam
3855 3139 3867 3153 ο

2231 3195 2382 3265 regni
2415 3195 2694 3254 Vandalici
2734 3199 2785 3253 in
2820 3198 3074 3271 Hispania
3112 3201 3518 3273 explicandam,
3552 3220 3668 3277 qua:
3692 3221 3803 3265 cott-

2233 3286 2409 3343 trariis
2428 3288 2758 3358 scriptorum
2785 3291 2924 3347 inter
2947 3306 3007 3349 se
3026 3292 3402 3353 dissidentium
3423 3298 3803 3356 narrationibus

2219 3381 2422 3457 mirum
2453 3392 2712 3452 quantuni
2746 3384 3014 3456 implicata
3043 3397 3123 3444 est
3146 3396 3201 3442 et
3231 3388 3488 3445 involuta.
3513 3391 3583 3448 Et
3602 3405 3665 3447 ex
3687 3390 3801 3447 Dra-

2229 3475 2411 3532 contio
2449 3476 2666 3547 quidem
2712 3479 3027 3535 nonnullum
3073 3480 3257 3537 lumen
3286 3482 3401 3539 haec
3427 3483 3653 3540 historia
3677 3484 3802 3542 acci-

2231 3568 2357 3639 piet,
2401 3569 2637 3626 vicissim
2671 3585 2799 3626 vero
2845 3587 2909 3628 ea
2939 3588 3005 3627 ex
3048 3572 3333 3629 Dracontio
3370 3576 3603 3648 aliisque
3630 3592 3801 3632 monu-

2229 3661 2431 3716 mentis
2472 3661 2737 3717 illustrata
2780 3678 3105 3735 magnopere
3144 3665 3373 3736 juvabit,
3416 3676 3474 3723 ut
3509 3678 3657 3724 certa
3685 3669 3801 3723 Dra-

2228 3751 2392 3807 contii
2436 3760 2566 3807 aetas
2611 3755 2724 3810 suis
2770 3755 3015 3811 terminis
3053 3756 3360 3813 deﬁniatur.
3403 3758 3585 3823 Alani,
3632 3759 3799 3825 Saevi,

2234 3840 2454 3896 Vandali
2485 3842 2683 3913 aliique
2711 3845 2892 3914 populi
2918 3861 2951 3901 a
2971 3846 3249 3915 Stilicone,
3283 3849 3375 3919 qui
3404 3848 3674 3906 Vandalus
3699 3851 3801 3922 ipse

2228 3942 2365 4000 erat,
2405 3933 2619 3989 excitati
2657 3937 2763 4008 72
2804 3944 2930 3991 sunt
2957 3947 3016 3992 ut
3055 3937 3300 3995 Rhenum
3331 3942 3623 3998 transirent
3650 3942 3801 4012 impe-

2228 4026 2273 4081 ri
2283 4042 2477 4096 nmque
2502 4026 2807 4084 Ronianum
2835 4031 3110 4086 turbarent
3135 4048 3150 4087 :
3174 4031 3264 4101 qui
3281 4047 3380 4103 per
3401 4031 3604 4089 Gallias
3622 4032 3800 4090 debac-

2228 4117 2372 4173 chati
2400 4118 2716 4191 Pyrenteum
2748 4137 2916 4194 usque
2948 4131 3327 4192 pervenerunt,
3357 4124 3513 4194 cujus
3541 4125 3692 4205 obice
3717 4139 3801 4195 per

2230 4212 2514 4283 Didymum
2538 4224 2589 4269 et
2609 4213 2945 4271 Verinianum
2973 4216 3039 4271 ad
3063 4226 3274 4289 tempus
3292 4218 3515 4288 repulsi,
3532 4234 3654 4274 mox
3675 4233 3802 4275 anno

2226 4304 2334 4360 409
2365 4304 2645 4375 Hispanias
2672 4306 2897 4376 ingressi
2934 4317 3078 4372 sunt,
3112 4318 3169 4362 ut
3211 4319 3434 4365 narrant
3467 4310 3690 4367 Orosius
3716 4310 3799 4366 lib.

2229 4410 2322 4461 vn,
2361 4410 2481 4466 cap.
2512 4394 2604 4466 40,
2634 4396 2842 4454 ldacius
2866 4399 2920 4453 in
2945 4398 3216 4456 Chronico
3244 4401 3450 4473 olymp.
3477 4401 3607 4469 297,
3646 4413 3699 4460 et
3720 4402 3803 4459 lsi-

2228 4488 2392 4543 dorus
2420 4489 2471 4543 in
2504 4488 2639 4545 Hist.
2680 4490 3078 4559 Vandalorum,
3109 4494 3198 4565 qui
3241 4494 3527 4566 Didymum
3568 4505 3626 4553 et
3655 4496 3801 4554 Vera-

2228 4580 2466 4648 nianum,
2500 4589 2558 4635 ut
2580 4582 2693 4651 ipse
2720 4592 2893 4649 vocat,
2918 4583 3282 4642 nobilissimos
3303 4585 3581 4644 Romanos
3603 4588 3804 4645 intres-

2228 4688 2332 4742 que
2363 4675 2766 4743 potentissimos
2794 4676 2870 4731 ait
2896 4676 3079 4734 fuisse.
3124 4680 3242 4745 Quo
3271 4678 3407 4737 duce
3438 4691 3568 4737 tunc
3597 4692 3802 4740 uteren-

2230 4774 2315 4819 tur
2342 4763 2562 4819 Vandali
2591 4780 2697 4822 non
2724 4767 2856 4823 satis
2877 4778 3081 4824 certum
3122 4771 3482 4843 est.\Grotius
3516 4773 3574 4829 in
3611 4774 3801 4845 pruriat.

2228 4855 2293 4911 ad
2321 4855 2581 4914 Historias
2607 4857 2831 4915 Vandal.
2855 4859 3217 4933 Godigisclum
3242 4864 3607 4924 Vandalorum
3635 4882 3804 4939 regem

2231 4950 2415 5017 fuisse,
2444 4950 2571 5007 dum
2600 4951 2654 5006 hi
2677 4951 2959 5024 Hispanias
2985 4952 3315 5025 invaserunt,
3340 4968 3546 5026 narrat,
3575 4961 3664 5016 cui
3692 4974 3803 5015 suc-

2229 5042 2391 5099 cessit
2419 5045 2471 5100 in
2495 5044 2745 5102 Callaecia
2776 5047 3127 5106 Guntbarius.
3164 5050 3505 5121 Ruinartins,
3530 5054 3585 5109 in
3615 5054 3803 5112 Hister.

2228 5137 2504 5194 Persecut.
2522 5137 2747 5195 Vandal.
2770 5132 2891 5211 cap.
2923 5143 2975 5209 1,
3007 5141 3172 5199 refert
3199 5142 3437 5200 Francos
3464 5145 3674 5216 primos
3701 5160 3805 5201 om-

2227 5229 2372 5286 nium
2413 5231 2697 5288 conatibus
2748 5231 3107 5289 Vandalorum
3152 5233 3462 5303 obstitisse,
3514 5235 3805 5308 Godigisclo

2226 5342 2413 5384 eorum
2441 5343 2568 5399 rege
2593 5328 2797 5396 occiso,
2818 5338 3001 5399 postea
3026 5328 3294 5387 Vandalos
3313 5330 3476 5386 simul
3491 5345 3617 5387 cum
3634 5328 3806 5387 Alanis

2225 5421 2562 5492 conjunctos,
2586 5420 2875 5478 substituto
2901 5422 2955 5478 in
2976 5421 3266 5495 Godigiscli
3291 5423 3470 5480 locum
3490 5423 3800 5491 Gunthario,

2228 5511 2471 5568 Rhenum
2503 5513 2803 5571 transiisse.

2294 5606 2381 5661 96.
2411 5606 2602 5662 Verior
2630 5607 2841 5665 videtur
2878 5608 3051 5666 Grotii
3090 5610 3361 5678 narratio,
3406 5626 3530 5684 qua
3565 5609 3805 5685 ProcOpil

544 5676 801 5749 Magistri,
834 5676 938 5732 hoc
965 5680 1070 5750 71
1095 5679 1264 5779 ipsum
1286 5678 1524 5779 breviter
1548 5691 1828 5740 narratur:
1861 5685 2119 5744 Venerunt
2222 5696 2399 5753 verbis
2427 5696 2522 5752 lib.
2552 5714 2594 5766 ι,
2617 5714 2737 5771 cap.
2781 5701 2834 5766 3,
2865 5700 3114 5757 innititur
3141 5718 3157 5758 :
3187 5701 3321 5759 Inde
3345 5676 3658 5779 illudigiqu
3687 5676 3804 5760 dare

543 5784 588 5831 et
626 5772 824 5844 Astingi
848 5814 862 5840 ,
903 5783 947 5827 et
987 5771 1234 5857 Laroragi
1281 5771 1330 5828 in
1361 5774 1616 5830 auxilium
1650 5777 1834 5835 Marci.
1865 5780 1968 5838 Pro
2015 5782 2117 5840 hoc
2220 5790 2272 5844 in
2309 5788 2563 5861 Hispania
2588 5792 2925 5850 consederunt
2953 5793 3257 5868 (Vandali),
3301 5813 3416 5868 qua
3647 5807 3720 5856 est
3744 5797 3802 5852 ab
