3994 6290
582 364 680 424 651

1994 335 2446 398 DRACONTIUS.

654 481 744 538 99.
773 479 827 535 ld
855 485 1033 534 autem
1084 473 1140 529 in
1187 465 1537 527 Guntharium
1581 461 1779 530 Optime
1824 456 2037 520 cadere,
2093 470 2158 510 ex
2191 460 2237 518 Α
2263 447 2549 506 Guntbarii
2581 444 2958 514 transtulisset,
2982 443 3179 500 bellum
3209 442 3261 497 in
3295 436 3611 496 Mauritania
3663 439 3828 510 gessit,

589 569 848 641 fProcopio
874 568 966 622 lib.
999 581 1014 619 ι
1042 563 1235 618 ΙΙίδιον.
1278 557 1499 612 Vanda‘l.
1539 554 1683 609 clare
1719 550 1991 620 colligitur
2019 545 2163 600 :Bo-

596 665 825 736 sifacius,
855 677 969 714 cum
988 672 1078 712 nec
1102 655 1330 708 resistere
1357 665 1409 705 se
1449 662 1594 718 posse
1635 641 1930 713 imperatori
1951 640 2164 702 videret,

595 733 698 820 occ,
722 753 764 807 si
798 750 1010 803 Romam
1038 752 1242 816 peteret,
1267 741 1448 796 salutis
1468 737 1574 792 ulla
1595 752 1705 805 spes
1728 733 2031 795 oboriretur,
2063 737 2169 783 sta-

591 819 692 898 tuit,
718 841 856 895 omni
885 853 978 910 ape
1023 835 1144 889 eniti
1162 843 1218 888 ut
1242 833 1530 888 societatem
1562 829 1854 881 coirctcum
1897 819 2167 884 Vandalis,

587 951 714 1006 quos
738 947 895 1002 supra
919 908 1026 983 dixi
1068 929 1121 981 in
1172 923 1429 990 Hispania
1469 934 1624 990 prope
1675 916 1904 985 Africam
1946 911 2086 965 sedes
2109 908 2174 977 ﬁ-

589 1027 742 1091 tisse,
771 1023 854 1076 ubi
873 1025 981 1093 jam
1011 1027 1208 1071 mortuo
1254 1011 1543 1084 Godigisclo
1587 1008 1902 1062 dominatum
1941 1015 2174 1069 suscepe-

590 1126 708 1173 rant
729 1121 840 1187 ejus
869 1114 972 1168 duo
1000 1111 1098 1181 ﬁlii
1134 1107 1409 1164 Gonthoris
1435 1120 1497 1158 ea:
1518 1106 1662 1174 justa
1691 1098 1788 1168 ipsi
1813 1109 1970 1149 uxore
1999 1102 2171 1156 natus,

593 1219 638 1264 et
673 1208 930 1263 Gizericus
970 1202 1152 1258 nothus
1183 1220 1200 1256 :
1230 1215 1401 1254 verum
1424 1196 1511 1251 ille
1545 1192 1715 1247 adhuc
1740 1205 1888 1261 puer,
1917 1196 1964 1241 et
1992 1193 2177 1239 natura

594 1319 776 1374 parum
789 1299 1066 1354 industrius
1081 1312 1099 1360 ;
1113 1297 1191 1348 hic
1205 1295 1257 1346 in
1273 1292 1426 1345 armis
1442 1289 1625 1358 optime
1636 1283 1953 1342 ecercitatus,
1971 1293 2032 1330 ac
2044 1291 2180 1329 mor-

600 1366 780 1448 talium
803 1391 1030 1444 omnium
1053 1383 1436 1440 solertissimus.
1487 1378 1648 1446 Igitur
1699 1389 1819 1428 cum
1856 1366 2181 1425 Guntharius

597 1492 764 1538 aitate
793 1481 968 1535 minor
993 1488 1133 1532 esset
1153 1472 1463 1534 Genserico,
1504 1483 1568 1521 ac
1605 1475 1790 1518 natura
1818 1474 2003 1530 parum
2034 1456 2184 1510 indu-

602 1575 789 1638 strius,
826 1581 1008 1625 contra
1049 1565 1366 1620 Gensericus
1401 1555 1802 1617 solertissimus,
1833 1559 1888 1605 et
1928 1548 1980 1602 in
2022 1546 2184 1600 armis

606 1663 925 1720 exercita‘us
943 1700 958 1724 ,
993 1672 1095 1710 non
1127 1653 1280 1707 alteri
1304 1651 1473 1719 aptius
1499 1643 1764 1701 Dracontii
1786 1655 1970 1696 versus
1992 1652 2185 1692 conve—

607 1761 726 1813 nire
760 1761 976 1823 possunt
1006 1763 1162 1818 quam
1194 1741 1509 1799 Gunthario.
1552 1742 1628 1792 Ac
1656 1748 1839 1790 revera
1870 1729 2186 1786 Dracontius

2271 551 2327 598 ut
2358 557 2478 596 mox
2507 541 2716 605 dicam;
2747 538 2989 605 adeoque
3014 531 3487 604 potuitvictoriam
3525 529 3745 598 aliquam
3771 531 3827 585 ad

2272 636 2594 703 Ampsagam
2621 630 2889 692 obtinere,
2915 635 2969 682 et
2987 633 3174 681 contra
3216 625 3457 678 Maurum
3487 621 3711 690 aliquem
3739 623 3829 694 hn-

2273 728 2435 782 talam
2474 724 2756 789 dimicare,
2786 735 3016 791 eumque
3038 721 3272 773 vincere.

2348 821 2470 878 101.
2502 819 2694 873 Verum
2725 831 2846 870 cum
2877 815 3045 869 codex
3068 813 3287 879 Azagrze
3302 824 3365 864 ac
3379 808 3666 863 Vaticanus
3684 807 3831 863 inboc

2277 912 2494 968 nomine
2525 908 2700 963 Ansila
2714 905 3061 976 exprimendo
3081 919 3201 958 cum
3232 902 3416 956 codice
3445 899 3711 956 Sirmondi
3735 914 3834 954 orn-

2279 1003 2407 1058 nino
2435 1000 2796 1065 consentiant,
2833 997 3165 1052 retinendum
3218 994 3269 1048 id
3321 1000 3439 1057 est;
3481 1006 3654 1060 eoque
3695 991 3830 1046 etiam

2283 1095 2472 1164 magis,
2501 1096 2625 1164 quia
2646 1092 2863 1146 Grotius
2896 1093 2946 1145 iu
2977 1090 3153 1144 indice
3196 1089 3471 1142 nominum
3524 1085 3830 1154 propriorum

2282 1185 2654 1248 Gotliicorum,
2679 1183 3119 1245 Vandalicorum,
3149 1188 3278 1242 etc.,
3308 1184 3556 1233 recenset
3575 1176 3725 1230 etiam
3748 1176 3834 1228 As-

2282 1293 2395 1332 ειιΛ
2419 1277 2486 1331 ab
2514 1293 2607 1330 ans
2628 1277 2710 1340 ile,
2747 1276 2801 1328 id
2829 1283 2902 1328 est
2946 1273 3012 1326 ad
3047 1273 3262 1342 gratiam
3302 1272 3551 1339 festinans
3599 1283 3619 1322 :
3655 1269 3834 1337 festina-

2285 1369 2420 1421 tione
2446 1366 2616 1434 ilunge
2646 1367 2696 1419 in
2723 1365 2959 1429 dictiom,
3003 1377 3050 1416 et
3090 1369 3256 1416 manet
3279 1362 3333 1414 in
3363 1378 3460 1414 usu
3510 1360 3757 1429 festinare,
3791 1367 3834 1412 ut

2289 1457 2486 1512 ibidem
2520 1458 2789 1510 observat.
2815 1455 2991 1521 Quare
3013 1451 3498 1522 probabllissimum
3528 1459 3605 1505 est
3629 1450 3832 1504 Ansilarn

2289 1550 2450 1604 fuisse
2475 1549 2660 1603 ducem
2684 1548 2912 1616 aliquem
2942 1561 2974 1600 e
3004 1544 3192 1599 Gothis
3229 1552 3317 1598 aut
3342 1543 3533 1598 Suevis
3550 1542 3831 1610 quibuscum

2298 1641 2434 1694 bella
2461 1656 2504 1710 gr
2527 1655 2646 1694 rere
2693 1639 2797 1708 77
2844 1636 3071 1692 Vandali
3103 1637 3153 1688 in
3179 1636 3428 1704 HiSpania
3455 1642 3832 1688 consueverant.

2291 1733 2532 1814 ()rosius,
2563 1733 2703 1785 enim
2732 1731 2822 1783 lib.
2845 1746 2932 1792 vn,
2962 1743 3080 1797 cap.
3099 1727 3343 1817 43,.cum
3371 1725 3639 1780 retulisset
3664 1724 3834 1778 Gothos

608 1803 726 1813 .η.-
761 1803 915 1823 ν---τ
1024 1803 1037 1818 ,
2307 1803 2315 1814 η

598 1848 838 1902 dominos
859 1854 912 1899 et
937 1843 1085 1894 duces
1112 1853 1230 1891 suos
1255 1835 1333 1888 bis
1362 1833 1513 1897 dicit,
1543 1843 1676 1900 quos
1699 1825 1900 1880 scilicet
1929 1824 2042 1893 ipse
2077 1815 2187 1874 lau-I
2222 1826 2264 1884 Β
2297 1838 2389 1892 pro
2413 1822 2667 1876 Romanis
2690 1821 2947 1874 adversus
2971 1803 3409 1885 cmteras'gentes
3430 1832 3548 1882 qua:
3567 1831 3655 1882 per
3679 1815 3836 1883 llispa-

606 1938 738 1993 dare
773 1936 1050 2004 potuisset,
1084 1939 1140 1982 ut
1163 1941 1302 1981 vers.
1333 1925 1395 1977 ‘2.l
1423 1937 1436 1976 :

729 2025 790 2076 Ut
816 2028 898 2088 qui
924 2025 1042 2073 facta
1062 2021 1236 2069 ducum
1255 2028 1442 2079 possem
1466 2021 1664 2061 narrare
1689 2017 1930 2066 meorum,

611 2115 677 2169 Et
694 2127 880 2168 rursus
912 2124 1051 2163 vers.
1070 2108 1166 2161 95:

735 2203 883 2264 Culpa
907 2218 932 2246 ιι
955 2201 1017 2247 ibi
1043 2197 1204 2246 fuerat
1226 2194 1442 2242 dotninos
1462 2189 1677 2238 reticere
1696 2184 1960 2234 modestos.

611 2287 724 2354 Quo
753 2283 924 2338 innuit
953 2281 1122 2349 ipsum
1153 2290 1330 2342 recem
1356 2269 1730 2331 Guntharium,
1775 2279 1804 2317 a
1845 2276 1949 2332 quo
1985 2260 2036 2312 in
2075 2256 2190 2310 vin-

611 2349 730 2432 c-ula
761 2370 1180 2440 eratcoitjectus,
1211 2374 1265 2420 et
1293 2362 1663 2423 Gensericum,
1691 2351 1966 2426 qui,quod
1997 2349 2192 2404 bellum

611 2464 1027 2526 administraret,
1060 2459 1193 2512 alter
1224 2455 1384 2510 veluti
1427 2468 1522 2507 rex
1563 2448 1878 2503 habebatur.

684 2559 810 2613 100.
843 2555 921 2608 Ex
949 2550 1228 2618 triumphis
1275 2558 1416 2600 terra
1448 2541 1685 2609 marique
1735 2533 2022 2605 reportatis
2075 2545 2196 2585 cer-

617 2653 723 2707 tius
770 2654 1137 2718 argumentum
1163 2641 1269 2710 peti
1303 2646 1502 2708 posset,
1534 2634 1578 2688 si
1601 2636 1751 2685 clare
1776 2633 2043 2683 constaret
2076 2622 2194 2690 qui-

620 2758 742 2798 nam
771 2714 1023 2809 etquales
1055 2729 1356 2802 huiusmodi
1387 2724 1640 2795 triumphi
1675 2721 1888 2777 fuerint.
1931 2715 2036 2771 Sed
2066 2714 2200 2767 Dra-

619 2832 831 2888 contius
857 2827 1029 2882 solum
1053 2824 1128 2877 ait
1160 2839 1172 2874 :

741 2939 909 2993 Ansila
934 2944 1159 2994 testatur,
1187 2933 1382 2983 Maurus
1408 2930 1590 2990 ubique
1613 2927 1765 2988 jacet.

621 3031 677 3086 In
708 3029 941 3086 editione
974 3021 1258 3080 l’arisiensi
1281 3019 1519 3073 omnium
1550 3029 1770 3084 Operutn
1818 3009 2086 3067 Sirmondi
2135 3008 2202 3063 ad

625 3139 774 3180 oram
807 3122 961 3188 hujus
992 3117 1102 3187 76
1121 3125 1309 3166 versus
1350 3109 1464 3162 lnec
1493 3117 1613 3160 nota
1639 3106 1829 3173 legitur
1861 3119 1873 3156 :
1906 3101 1997 3154 Vir
2025 3099 2205 3153 doctus

2295 1913 2413 1966 nias
2438 1911 2793 1966 consederant
2825 1924 3110 1978 pugnasse,
3143 1908 3400 1976 subjecit:
3433 1907 3667 1972 Quamvis
3694 1917 3736 1959 et
3759 1922 3838 1959 crr-

2292 2007 2385 2060 teri
2408 2007 2709 2070 Alanorum,
2735 2003 3105 2067 Vandalorum,
3127 2000 3505 2064 Suevorumque
3535 2013 3669 2066 reges
3693 1998 3840 2048 eodem

2293 2096 2546 2150 nobiscum
2570 2095 2756 2166 placito
2787 2094 2987 2162 ἀερίιαὶ
3037 2093 3223 2161 forent,
3254 2089 3554 2142 mandantes
3580 2087 3842 2154 imperatori

2298 2188 2529 2241 Honorio
2563 2186 2685 2240 :Tu
2709 2203 2823 2239 cum
2863 2183 3091 2238 omnibus
3127 2198 3300 2253 pacem
3352 2179 3498 2244 habe,
3553 2181 3846 2243 omniumque

2293 2282 2489 2335 obsides
2513 2280 2686 2350 accipe
2716 2295 2734 2342 ,°
2764 2295 2852 2332 nos
2883 2277 3138 2330 nobiscum
3172 2275 3515 2346 confugimus,
3558 2271 3694 2324 nobis
3739 2271 3846 2336 peri-

2295 2390 2429 2427 mus.
2464 2371 2648 2440 Neque
2680 2385 2808 2424 vero
2847 2367 3133 2421 alsurdum
3189 2367 3291 2421 erit
3338 2364 3602 2418 afﬁrmare
3643 2361 3845 2415 Ansilarn

2296 2479 2450 2534 quem
2501 2463 2818 2516 Dracontius
2851 2466 3110 2513 menmrat
3139 2458 3284 2512 illum
3322 2456 3486 2510 fuisse
3532 2469 3684 2521 quem
3715 2450 3846 2504 Gothi

2297 2556 2437 2614 inter
2463 2563 2589 2612 suos
2629 2572 2774 2610 anses
2803 2560 3087 2608 recensent
3123 2568 3138 2606 :
3175 2551 3245 2605 illi
3282 2550 3424 2604 enim
3467 2558 3847 2613 proceresque:-

2299 2654 2418 2708 dam
2441 2666 2566 2707 suos
2612 2650 2868 2704 Vocabzmt
2913 2663 3083 2712 anses,
3131 2642 3277 2713 quasi
3330 2640 3617 2703 semideos,
3669 2653 3727 2692 es
3769 2651 3849 2702 qua

2302 2760 2434 2799 voce
2458 2743 2840 2796 Auseaticarum
2878 2739 3149 2793 civitatum
3182 2735 3443 2804 originem
3483 2733 3590 2800 peti
3622 2743 3850 2797 possetu-

2301 2839 2538 2906 spicatur
2557 2833 2796 2888 Grotius.
2821 2831 2963 2885 lnter
2990 2831 3122 2883 alios
3165 2834 3342 2886 autem
3388 2837 3576 2888 anses,
3610 2823 3716 2874 sive
3755 2833 3852 2885 pro-

2301 2943 2452 2983 ceres
2505 2926 2797 2981 Gothorum
2847 2924 2944 2977 hos
2983 2928 3264 2976 enumerat
3306 2915 3611 2972 Jornandes
3651 2914 3714 2967 de
3743 2911 3850 2965 Reb.

2305 3017 2476 3073 Getic.
2511 3030 2628 3083 cap.
2663 3013 2726 3067 14
2758 3032 2770 3067 :
2805 3012 3114 3083 Ostrogolha
3139 3010 3308 3079 genuit
3337 3007 3500 3061 Unilt.
3535 3003 3678 3057 Unilt
3715 3001 3855 3072 genuit
3892 2990 3897 2995 ’

2311 3107 2481 3160 Athal.
2510 3105 2666 3159 Athal
2687 3104 2858 3174 genuit
2875 3102 3099 3172 Achiulf.
3133 3099 3349 3167 Achiqu
3361 3098 3531 3168 genuit
3560 3098 3794 3156 Assum,
3820 3102 3856 3143 et

626 3215 918 3283 suspicatur
940 3205 1208 3278 legendum
1239 3208 1457 3264 Λττιω,
1487 3213 1634 3268 quem
1662 3195 1896 3248 Thracia:
1938 3193 2200 3244 imminen-

2316 3198 2515 3269 Ediulf.
2555 3197 2794 3264 Vuldulf,
2827 3206 2871 3248 et
2926 3193 3206 3247 Hermeric.
3258 3193 3388 3247 Cum
3437 3188 3750 3258 OstrogOtha
3779 3185 3858 3239 llo-

629 3281 728 3358 tent
756 3300 968 3370 pecunia
997 3294 1315 3349 Theodosius
1361 3290 1556 3343 avertit.
1598 3285 1930 3353 Theophanes
1959 3285 2009 3336 in
2049 3281 2210 3337 Chro-

629 3410 777 3464 nogr.
809 3398 876 3444 ad
897 3403 1088 3442 annum
1120 3383 1387 3438 Theodosii
1409 3380 1637 3433 Junioris
1659 3385 1979 3446 postremum.
2016 3375 2199 3431 Vermr

633 3503 756 3543 cum
779 3482 1060 3551 nobisjam
1077 3486 1256 3548 pateat
1292 3475 1356 3529 ad
1391 3468 2037 3528 TheodosiumJuniorem
2074 3466 2211 3523 hanc

631 3578 858 3648 elegiam
881 3573 1132 3641 scriptam
1163 3583 1267 3623 non
1295 3567 1475 3630 fuisse,
1496 3564 1588 3618 sed
1615 3561 1682 3616 ad
1712 3576 1872 3616 unum
1897 3575 1928 3615 e
1946 3558 2213 3614 Vandalo-

632 3686 748 3724 rum
775 3666 1009 3736 regibus,
1041 3661 1170 3716 nihil
1213 3667 1292 3714 est
1321 3671 1496 3712 causa:
1527 3670 1620 3708 cur
1645 3653 1711 3706 de
1763 3653 1927 3706 Attila
1969 3651 2211 3705 Thracia:

632 3758 949 3815 imminente
975 3753 1287 3822 cogitemus.
1347 3745 1494 3813 Quod
1527 3745 1569 3798 si
1634 3743 1880 3796 mendum
1935 3741 1986 3796 in
2036 3741 2214 3795 Ansila

631 3862 794 3916 esset,
812 3847 1001 3916 conjici
1017 3846 1202 3914 posset
1235 3839 1509 3910 Amsaghu,
1533 3837 1672 3906 quod
1701 3835 1893 3890 [intueri
1922 3843 2002 3887 est
2029 3833 2094 3886 ad
2126 3834 2213 3887 lit-

632 3957 719 4000 tus
754 3939 1038 4003 Numidiae,
1067 3944 1125 3990 ut
1154 3934 1282 3987 Mela
1329 3941 1383 3984 et
1426 3930 1624 3983 Plinius
1680 3927 1900 3991 docent;
1933 3925 2024 3980 alii
2083 3925 2214 3978 scri-

633 4034 766 4088 bunt.
792 4034 1068 4099 Ampsaga,
1099 4024 1184 4076 alii
1227 4023 1448 4086 Ausuga,
1473 4034 1611 4072 nunc
1658 4015 1951 4087 Suﬂ'egmar
1999 4015 2066 4067 ab
2095 4014 2214 4068 aliis

636 4122 818 4179 Rumel
852 4130 1074 4172 vocatur
1103 4132 1115 4165 :
1143 4112 1300 4180 quod,
1335 4111 1610 4177 interiecta
1634 4109 1806 4178 aliqua
1837 4123 1899 4160 es
1933 4116 2083 4174 parte
2105 4105 2212 4159 Nu-

635 4213 822 4276 midia,
853 4207 1086 4262 Africam
1109 4202 1380 4271 propriam
1406 4215 1436 4253 a
1460 4197 1766 4253 Mauritania
1790 4196 1998 4252 dividit.
2047 4196 2214 4264 Ilujus

638 4302 782 4358 ﬂuvii
810 4306 984 4355 exstat
1026 4293 1184 4350 etiam
1213 4291 1412 4346 mentio
1439 4289 1577 4359 apud
1621 4289 1888 4343 Victorem
1945 4288 2212 4342 Vitei.sem

637 4396 730 4452 lib.
763 4410 796 4448 tt
827 4392 963 4446 llist.
997 4393 1262 4459 persecut.
1300 4383 1543 4445 Vandal.,
1593 4396 1712 4450 cap.
1754 4383 1807 4449 5,
1857 4381 1942 4435 ubi
1969 4381 2214 4436 llunerici

638 4487 779 4558 regis
818 4483 1180 4540 Vandalorum
1213 4475 1581 4530 crudelitatem
1606 4474 1657 4527 in
1689 4489 1814 4527 suos
1843 4487 2064 4526 narrans
2102 4472 2212 4525 ait:

2312 3292 2479 3345 ruerit
2501 3291 2600 3345 sub
2623 3290 2865 3358 Philippo
2896 3289 3239 3356 imperatore,
3263 3286 3400 3340 ratio
3424 3297 3720 3351 temporum
3748 3280 3859 3351 pati-

2313 3395 2396 3437 tur
2427 3391 2482 3436 ut
2503 3383 2736 3436 Ansilam
2760 3388 2912 3434 artate
2927 3377 3203 3433 Gun’harii
3227 3377 3424 3430 vixisse
3445 3375 3742 3430 credamus.
3763 3372 3859 3425 hla-

2311 3475 2420 3530 cius
2449 3475 2646 3544 olyrnp.
2680 3471 2781 3527 506
2805 3470 3047 3525 meminit
3086 3470 3264 3532 Aiulli,
3320 3467 3410 3537 qui
3441 3466 3643 3531 llis'ali
3686 3464 3859 3518 Censo-

2312 3567 2448 3621 rium
2473 3565 2744 3634 iugulavit.
2775 3563 2975 3618 Nomen
3021 3563 3174 3615 Aiulli
3218 3561 3424 3613 videtur
3472 3574 3596 3612 esse
3641 3557 3767 3611 idem
3810 3570 3861 3608 ac

2313 3656 2543 3720 Achiull,
2571 3656 2657 3724 qui
2688 3653 2924 3708 Ansilam
2949 3652 3152 3722 genuit.
3181 3651 3423 3706 Przelium
3457 3661 3632 3703 autem
3652 3665 3745 3717 quo
3769 3647 3862 3700 An-

2313 3751 2408 3805 sila
2435 3750 2605 3802 victus
2633 3755 2716 3802 est
2743 3747 2929 3800 navale
2952 3745 3116 3799 fuisse
3156 3743 3276 3798 inde
3323 3743 3498 3811 colligi
3532 3749 3720 3810 potest,
3740 3735 3863 3807 quod

2314 3841 2628 3895 Dracontius
2655 3852 2810 3892 versu
2834 3837 3094 3906 superiori
3121 3833 3421 3902 triumphos
3463 3833 3632 3901 pelagi
3656 3843 3703 3886 ct
3731 3841 3865 3883 teme

2313 3933 2606 4000 conjungit,
2634 3931 3048 3999 exemplumque
3079 3927 3130 3982 in
3157 3928 3254 3980 boi:
3283 3941 3440 3979 versu
3482 3928 3681 3992 profert
3703 3921 3748 3974 in
3775 3920 3866 3974 An-

2314 4029 2409 4080 sila
2433 4036 2486 4081 et
2513 4027 2562 4078 in
2594 4025 2810 4088 Mauris,
2831 4023 2919 4093 qui
2944 4023 3140 4092 ubique
3158 4021 3429 4091 jacebant.
3459 4017 3684 4072 Victoria
3704 4026 3866 4070 contra

2317 4117 2528 4171 Mausos
2557 4114 2830 4169 terrestris
2856 4113 3091 4177 videtur,
3119 4115 3286 4182 prima
3323 4112 3484 4181 igi:ur
3509 4115 3689 4164 contra
3736 4105 3870 4161 Ansi-

2318 4209 2420 4262 lam
2455 4204 2674 4258 navalis.
2711 4204 2881 4258 Etiam
2913 4203 2961 4258 id
2994 4203 3319 4272 temporibus
3372 4202 3440 4256 de
3471 4201 3660 4269 quibus
3707 4199 3871 4266 loquor

2316 4306 2370 4355 et
2391 4296 2687 4354 Gunthario
2711 4297 2950 4364 apprime
2977 4297 3226 4350 convenit
3255 4313 3266 4348 :
3297 4309 3419 4347 nam
3467 4293 3670 4347 Gothos
3715 4292 3873 4361 plures

2319 4408 2481 4446 naves
2515 4391 2614 4445 hoc
2641 4399 2880 4459 tempore
2897 4389 2996 4443 sibi
3021 4402 3361 4453 comparasse
3375 4403 3438 4440 cx
3462 4387 3652 4440 Orosio
3673 4385 3874 4452 aliisque

2318 4491 2548 4548 constat,
2576 4495 2672 4536 nee
2694 4480 2868 4534 minus
2893 4487 3096 4533 certum
3113 4487 3195 4533 est
3229 4477 3495 4530 Vandalus
3520 4477 3738 4529 navibus
3766 4485 3876 4526 usos

640 4541 879 4635 Iniitator
904 4577 1120 4631 existens
1142 4569 1383 4624 Geiserici
1409 4569 1589 4638 patris,
1619 4569 1801 4635 quisui
1831 4568 2006 4636 fratris
2045 4564 2200 4637 (Gnnt

2322 4575 2503 4629 luisse.
2550 4571 2756 4627 ldacius
2793 4573 2935 4626 enim
2993 4567 3270 4638 pestquam
3303 4566 3484 4621 retulit
3537 4567 3589 4619 in
3629 4564 3875 4617 Chronico

644 4669 823 4740 tbarii)
850 4683 1057 4722 uxorem
1088 4663 1245 4735 ligato
1269 4660 1490 4728 pondere
1519 4659 1770 4729 lapidum,
1807 4665 1862 4712 in
1911 4659 2217 4727 Ampsagam

643 4759 1144 4830 ﬂuiviuanirtcnsrm
1167 4750 1678 4825 famosumjactando
1721 4750 1978 4813 demersit,
2010 4759 2055 4803 et
2108 4761 2219 4820 post

641 4871 812 4911 necem
833 4853 1010 4906 matris
1031 4851 1183 4902 etiam
1209 4846 1342 4910 ﬁlios
1385 4846 1657 4915 interfecit.
1698 4844 1882 4897 Posset
1902 4843 2061 4896 etiam
2083 4856 2215 4896 con-

645 4945 732 5014 jici
765 4941 971 5002 Antala,
1005 4952 1160 5007 quem
1191 4935 1279 4994 alii
1303 4934 1566 4988 Antullam
1592 4941 1799 4985 vocant.
1857 4932 1928 4986 De
1966 4930 2065 4984 hoc
2089 4930 2218 4984 Pro-

644 5033 828 5102 copius
877 5030 968 5084 l.b.
1004 5043 1039 5081 tt
1095 5025 1295 5080 llistor.
1349 5023 1572 5076 Vandal.
1605 5040 1617 5074 :
1646 5023 1855 5074 Antalus
1920 5020 2221 5075 Maurorum

645 5125 734 5179 sol.
759 5141 783 5176 s
809 5120 1087 5191 Byzacium
1111 5114 1341 5178 incoluit,
1369 5115 1506 5168 so.'us
1537 5129 1623 5183 per
1646 5115 1752 5166 hare
1775 5123 2004 5182 tempora
2033 5114 2216 5167 Roma-

649 5216 727 5267 nis
756 5211 910 5280 ]idus,
959 5209 1167 5263 scilicet
1217 5209 1317 5260 sub
1344 5204 1644 5270 Gelimere;
1687 5215 1742 5260 et
1785 5206 1875 5260 lib.
1905 5222 1940 5259 ι.
1995 5221 2114 5273 cap.
2163 5205 2218 5271 9,

650 5314 830 5360 narrat
874 5299 1151 5354 a'Mauris
1210 5297 1517 5368 Byzacenis,
1562 5296 1650 5364 qui
1696 5297 1947 5364 parebant
1993 5296 2218 5360 Antalrc,

649 5399 833 5469 prmlio
864 5395 1010 5449 lusos
1034 5393 1320 5457 Vandalos,
1342 5399 1596 5462 regnante
1622 5391 1862 5445 lldericn.
1893 5391 1998 5446 Sed
2027 5391 2217 5444 etiam-

648 5494 692 5547 si
724 5491 948 5546 velimus
980 5490 1154 5557 legere
1187 5489 1442 5555 Ampsoga
1467 5495 1692 5548 testu.‘ur,
1727 5493 1815 5537 aut
1843 5486 2028 5537 Antala
2072 5492 2220 5536 testa-

649 5599 753 5644 tur,
778 5591 982 5637 certum
1007 5590 1180 5634 tamen
1215 5589 1420 5646 tempus
1452 5577 1614 5643 pra~lii
1668 5591 1696 5630 a
1755 5575 2036 5631 Dracnntio
2085 5573 2219 5627 indi-

647 5678 750 5730 cati
775 5673 885 5728 erui
920 5672 1040 5727 inde
1064 5688 1166 5725 non
1186 5678 1381 5739 posset.
1403 5669 1721 5722 (lenserieus
1749 5668 1913 5731 enim,
1937 5677 2058 5720 ante
2080 5681 2218 5733 ruant

651 5768 700 5819 in
730 5764 961 5821 Africam
989 5781 1172 5820 omnes
1195 5778 1318 5818 suos
1353 5759 1613 5815 Vandaios
1642 5770 1760 5826 post
1809 5761 2008 5814 obitum
2045 5756 2218 5813 fratris

2324 4665 2588 4720 Vandalos
2599 4665 2707 4732 jam
2735 4665 2786 4716 in
2818 4664 3006 4716 Baetica
3038 4661 3135 4714 sub
3163 4660 3460 4714 Gunthario
3498 4674 3625 4725 rege
3664 4667 3878 4710 commo-

2322 4762 2501 4812 rantes’
2528 4771 2557 4810 a
2583 4755 2800 4810 Castiuo
2829 4754 3084 4825 magistro
3119 4753 3342 4806 militum
3388 4749 3666 4804 victoriam
3718 4761 3881 4814 repor-

2321 4862 2484 4916 tasse,
2508 4849 2656 4904 addit
2679 4847 2980 4919 olympiade
3008 4846 3134 4909 501,
3155 4860 3247 4898 eos
3263 4843 3563 4897 Balearicas
3585 4841 3776 4895 ins-alas
3801 4837 3884 4892 de-

2323 4942 2588 5013 prmdatos
2620 4941 2810 5004 fuisse;
2847 4953 2949 5008 qua
2977 4938 3260 4992 occasione
3307 4943 3490 4988 contra
3521 4933 3727 4987 Gothos
3768 4927 3884 4983 mari

2324 5049 2610 5106 pugnasse,
2652 5034 2734 5088 vel
2755 5049 2817 5088 cx
2867 5031 2950 5086 bis
2981 5031 3108 5085 solis
3146 5028 3418 5084 Dracontii
3461 5027 3711 5082 versibus
3756 5021 3886 5092 argui

2325 5135 2518 5197 potest.

2397 5216 2518 5272 102.
2547 5215 2622 5270 De
2643 5215 2842 5269 viribus
2860 5212 3141 5267 maritimis
3164 5210 3521 5266 Vandalorum
3552 5209 3682 5262 dum
3711 5207 3759 5261 in
3786 5204 3892 5258 B:e.

2324 5307 2424 5360 tica
2453 5306 2804 5359 constiterunt
2832 5303 3063 5371 loquitur
3083 5301 3423 5370 Wolfgangus
3449 5299 3639 5353 Lanius
3664 5299 3730 5351 de
3751 5295 3805 5348 Gr
3825 5303 3892 5347 nt.

2325 5397 2476 5466 Migr.
2501 5397 2595 5450 lib.
2626 5411 2700 5459 χι,
2734 5395 2821 5464 qui
2855 5395 3031 5463 plures
3081 5408 3172 5447 ver
3204 5407 3266 5445 ns
3316 5407 3381 5444 ex
3435 5390 3641 5445 Sidonii
3688 5399 3896 5463 panegy-

2327 5492 2438 5541 r'co
2467 5488 2530 5541 ad
2565 5486 2903 5541 Anthemium
2956 5485 3272 5553 Augustum,
3322 5491 3375 5535 et
3400 5481 3505 5534 alzo
3555 5479 3622 5533 ad
3668 5461 3897 5532 socerum

2326 5578 2564 5644 ejusdem
2592 5578 2791 5632 Sidonii
2818 5577 2868 5630 in
2909 5591 3056 5630 suam
3088 5575 3404 5628 sententiam
3450 5573 3560 5642 78
3598 5571 3817 5637 allegat.
3846 5567 3899 5619 At

2327 5669 2575 5723 Sidonius
2601 5668 2744 5721 clare
2766 5665 3036 5722 chserici
3066 5665 3116 5717 in
3147 5663 3321 5718 Africa
3366 5660 3660 5732 potentiam
3719 5657 3901 5713 mariti-

2328 5775 2464 5813 mam
2493 5757 2770 5813 describit:
