3994 6290
223 350 341 409 633

908 463 1031 512 Hinc
1046 462 1288 513 Vandalus
1314 461 1465 510 hostis

357 525 533 586 Urget,
565 532 618 577 et
640 527 687 574 in
712 533 924 576 nostrum
950 537 1204 574 numerosa
1227 524 1381 572 classe
1400 524 1655 586 quotannis

356 584 528 636 Militat
559 588 820 648 excidium,
844 587 1369 648 conversoqueordine
1394 584 1476 632 fati

355 648 557 698 Torrida
578 644 848 698 Caucaseos
865 648 1011 697 infert
1033 644 1149 695 mihi
1174 646 1320 708 Byrsa
1350 644 1557 694 furores.

225 728 337 785 Ubi
366 727 581 799 Byrsam
619 742 714 798 pro
736 727 1055 799 Carthagine
1085 727 1248 797 ponit.
1279 724 1468 780 Verius
1503 722 1690 779 adduci
1715 737 1805 792 po-

221 822 359 879 terit
391 820 616 892 Prosper
638 822 692 877 in
735 821 1018 886 Chronico,
1074 822 1161 890 qui
1216 820 1406 876 merito
1445 821 1687 890 queritur
1739 819 1806 872 ad

220 927 362 970 ann.
391 913 495 967 427
526 930 545 968 :
572 912 770 968 Exinde
786 913 1145 984 gentibusque
1164 913 1242 966 sui
1270 912 1481 967 statibus
1500 911 1804 976 nesciebant,

225 1007 356 1059 dum
380 1022 413 1059 a
432 1003 839 1061 concertantibus
861 1004 921 1058 in
945 1003 1196 1057 auxilium
1220 1012 1480 1067 rocantur,
1529 1017 1668 1055 mare
1695 1016 1808 1070 per-

224 1098 370 1151 uium
390 1098 581 1168 factum
598 1106 693 1159 est,
718 1093 936 1165 bellique
963 1102 1140 1148 contra
1183 1091 1512 1160 Bonifacistm
1562 1092 1711 1161 capti
1755 1093 1808 1145 in

232 1186 571 1257 Sigisvultunt
598 1186 829 1240 comitem
847 1200 970 1238 cura
992 1182 1245 1238 translata
1267 1192 1356 1238 est.
1382 1182 1518 1237 Gens
1548 1182 1809 1237 Vandale-

227 1292 347 1330 rsnn
370 1277 432 1331 ab
474 1276 733 1344 Hispania
785 1277 853 1330 ad
897 1275 1121 1344 Africam
1168 1275 1370 1328 transit.
1426 1271 1580 1340 Quod
1628 1283 1807 1326 autem

232 1366 458 1422 Vandali
479 1367 582 1421 sub
596 1365 890 1421 Gunthario
911 1366 1240 1435 triumphum
1266 1365 1334 1420 de
1354 1364 1551 1419 Mauris
1571 1364 1807 1433 egerint,

228 1460 505 1515 nonnullis
552 1458 780 1515 fortasse
824 1460 1047 1529 probatu
1089 1458 1305 1514 difficile
1348 1457 1631 1513 videbitur.
1684 1455 1811 1509 Hate

225 1552 380 1608 enim
396 1561 480 1607 est
501 1550 800 1606 communis
825 1551 1143 1620 scriptorum
1180 1550 1382 1620 opinio,
1419 1548 1680 1603 Vandalus
1701 1562 1806 1601 non

227 1644 513 1700 transi-isse
559 1644 611 1698 in
669 1643 898 1698 Africam
946 1644 1047 1699 nisi
1074 1652 1196 1713 post
1244 1643 1446 1698 obitum
1496 1641 1805 1706 Guntltarii;

227 1732 378 1806 quod
405 1750 587 1791 verum
603 1734 815 1806 quidem
843 1744 925 1790 est
952 1734 997 1789 si
1024 1734 1077 1790 id
1116 1734 1186 1790 de
1210 1735 1445 1789 omnium
1469 1734 1626 1790 simul
1672 1733 1807 1788 Van-

1546 367 1550 370 ‘
1612 347 2137 403 WOLECOMENA.

1816 464 2055 531 ﬁ‘quam
2082 480 2198 517 cum
2226 464 2282 520 S.
2314 468 2551 537 martyris
2576 466 2797 523 Eulalia:
2825 470 3015 538 injuria
3044 481 3312 539 sprererut,
3345 473 3479 526 ntul-

3375 355 3479 409 δῖἔι

1906 553 1970 606 tis
1997 570 2087 623 per
2105 552 2418 611 Gaisericum
2446 559 2589 613 caesis
2608 574 2675 613 ea:
2701 560 2781 614 Itis
2826 577 2951 631 quos
2990 561 3203 615 habebat
3251 573 3475 632 arrepto.

1906 652 1961 695 ut
1991 647 2184 711 putavit
2204 686 2218 707 ,
2248 645 2387 700 Euro
2408 650 2626 703 velocius
2655 649 2902 720 [fortasse
2958 664 3164 725 arrepto
3225 670 3373 723 equo,
3420 668 3477 709 sn

1908 733 2119 799 putavit,
2142 731 2285 790 Euro
2308 737 2561 809 velociori]
2597 741 2730 810 fugis
2748 741 2991 808 subsidio,
3021 744 3077 797 in
3120 745 3329 813 [lumine
3363 746 3479 800 Ana

1907 824 2074 878 diuino
2099 826 2310 880 brachio
2331 831 2673 901 pracipilattts
2700 834 2905 888 interiit.
2955 836 3072 899 Quo
3115 837 3187 889 ita
3208 838 3476 897 exstincto.

1907 929 2028 967 mox
2076 931 2176 985 qua
2223 928 2435 986 coeperat
2494 920 3119 995 Gaisericus‘enavigavit.
3160 925 3274 987 Non
3350 942 3479 997 ergo

1911 1003 2045 1071 pulsi
2073 1018 2103 1059 a
2127 1004 2335 1071 Gothis,
2360 1010 2499 1074 quod
2528 1012 2897 1071 Cassiodorius
2912 1015 3136 1071 fidenter
3155 1018 3358 1081 scribit,
3383 1020 3476 1072 8rd

1908 1104 2115 1163 sponte,
2139 1104 2213 1164 et,
2247 1100 2320 1153 uti
2351 1098 2599 1165 diximus,
2634 1116 2663 1155 a
2695 1102 2963 1159 Bonifacio
2984 1106 3185 1162 invitati
3238 1107 3290 1162 in
3332 1108 3477 1163 Afri-
3572 1136 3583 1141 -

1909 1197 2027 1237 cam
2052 1184 2272 1240 Vandali
2320 1187 2660 1257 trajectu-unt.
2713 1190 2897 1262 Neque
2922 1193 2993 1249 de
3022 1210 3163 1251 anno
3193 1195 3299 1254 49.9
3326 1197 3477 1252 dubi.

1909 1283 2023 1330 tare
2050 1290 2145 1331 nos
2168 1278 2294 1333 sin't
2316 1278 2537 1343 ldacius,
2569 1280 2655 1350 qui
2684 1296 2918 1338 mensem
2967 1285 3125 1339 etiam
3170 1286 3358 1340 Maium
3390 1286 3478 1342 de

1909 1366 2100 1436 signat,
2129 1377 2182 1422 et
2210 1370 2490 1437 peculiaria
2519 1372 2764 1441 adjuaaa
2816 1386 2999 1430 narrat
3054 1375 3122 1431 de
3160 1392 3376 1433 recursu
3405 1377 3481 1433 la-

1908 1466 1996 1511 cto
2016 1469 2198 1512 contra
2218 1459 2454 1515 Suevos.

1982 1549 2103 1604 itit.
2148 1551 2331 1621 itaque
2367 1554 2412 1622 si
2466 1553 2806 1610 Dracontium
2854 1558 3080 1614 velimus
3117 1575 3386 1631 exponere
3415 1562 3481 1618 de

1906 1640 2193 1727 triumphis
2220 1657 2352 1712 quos
2383 1643 2601 1699 Vandali
2624 1661 2656 1701 e
2685 1647 2879 1703 Mauris
2900 1650 3178 1707 retulerim
3199 1665 3479 1724 postquam

1910 1746 1942 1786 a
1968 1731 2238 1787 Bottil‘acio
2268 1733 2320 1788 in
2352 1734 2660 1790 societatem
2703 1739 2872 1793 vocati
2912 1739 3146 1807 fuerant,
3190 1744 3477 1800 tenendum

227 1828 478 1883 dalorum
506 1828 750 1895 transitu,
783 1828 964 1883 relicta
994 1827 1201 1896 penitus
1230 1827 1503 1897 Hispania,
1547 1827 1810 1897 intelliga-
1837 1827 1885 1887 Β
1911 1833 1993 1879 est
2022 1824 2364 1881 Dracontium
2408 1828 2630 1898 elegiam
2677 1820 3042 1901 composuisse
3084 1851 3203 1891 cum
3244 1839 3476 1899 nondum

234 1928 346 1984 tur,
376 1934 482 1971 non
507 1918 577 1972 ita
607 1934 736 1973 vero
762 1927 820 1972 ut
844 1918 1012 1973 nullas
1065 1918 1226 1973 fuisse
1250 1928 1405 1973 antea
1448 1918 1805 1973 Vandalornm

230 2030 298 2070 es
323 2015 573 2082 Hispania
595 2014 651 2068 in
682 2013 909 2069 Africam
943 2014 1278 2069 incursiones
1323 2014 1620 2070 credamus.
1666 2013 1810 2068 Duo-

230 2108 336 2165 bus
357 2116 537 2163 autem
567 2108 737 2162 modis
756 2107 1010 2175 explicari
1033 2116 1204 2175 potest
1234 2106 1444 2161 Mauros
1485 2120 1519 2161 a
1562 2105 1810 2161 Vandalis

231 2200 404 2255 victos
422 2208 703 2269 antequam
727 2207 834 2253 tota
869 2198 1225 2254 Vandalorum
1253 2198 1397 2252 natio
1453 2194 1683 2255 Africam
1731 2197 1810 2250 in.

233 2291 476 2353 vaderet,
506 2290 709 2345 scilicet
736 2290 965 2344 velante
992 2289 1172 2343 initam
1219 2288 1524 2344 societatem
1559 2305 1678 2342 cum
1710 2287 1808 2344 Bo-

229 2382 432 2440 nifacio
460 2383 671 2445 cernite,
697 2382 777 2438 vel
809 2391 923 2451 post
947 2382 1151 2436 initam.

304 2473 427 2530 ωδ.
455 2473 750 2529 Bouifacins
780 2474 884 2542 hic,
909 2474 1139 2527 amicitia
1163 2473 1219 2528 S.
1250 2473 1527 2542 Augustini
1554 2471 1685 2526 satis
1713 2487 1811 2526 no-

230 2575 352 2628 tus,
384 2566 529 2621 Aetii
569 2566 753 2622 fraude
792 2575 848 2621 et
890 2566 1201 2635 proditione
1234 2567 1285 2619 in
1322 2566 1665 2621 olleusianem
1714 2566 1808 2618 itu-

192 2660 205 2675 ‘
234 2658 495 2721 peratoris
551 2658 857 2723 incnrrens,
881 2666 947 2713 et
987 2658 1154 2713 lmstis
1184 2657 1422 2725 publirus
1467 2655 1657 2720 dictus,
1686 2672 1807 2709 cum

229 2751 491 2819 imparem
518 2765 576 2818 se
617 2750 951 2818 imperatoris
990 2752 1241 2819 put-emite
1263 2750 1508 2812 sentiret,
1542 2748 1808 2804 \‘andaios

227 2841 405 2895 socios
430 2841 533 2895 sibi
579 2840 821 2909 adiunxit
842 2879 861 2904 ,
903 2848 960 2894 ut
997 2839 1114 2895 fuse
1143 2850 1324 2894 narrat
1352 2839 1641 2908 Procopius
1670 2838 1807 2894 liba

228 2932 432 2987 Hister.
467 2932 687 2987 Vandal.
721 2931 894 2987 Missis
923 2932 1095 3003 igitur,
1120 2932 1213 2996 ait,
1243 2933 1297 2984 in
1320 2932 1630 2999 Hispaniam
1651 2931 1808 2986 Boni-

227 3024 390 3091 furius
420 3025 484 3078 de
500 3025 777 3078 amicorum
798 3039 1010 3078 numero
1055 3024 1351 3095 potissimis,
1401 3040 1517 3077 cum
1565 3024 1809 3079 ambobus

226 3110 514 3182 Godigiscli
544 3113 663 3181 ﬁliis
679 3128 883 3183 (equum
909 3112 1018 3166 iniit
1049 3113 1232 3183 βαῖνε,
1263 3119 1319 3166 ut
1361 3112 1542 3181 cuique
1578 3113 1804 3181 ipsorum

1913 1912 2239 1971 Guntbarius
2287 1917 2498 1974 e-vivis
2537 1922 2874 1989 excessisset,
2923 1940 3092 1994 neque
3119 1926 3475 1984 Vandalorutn

1913 2007 2057 2061 natio
2103 2007 2409 2077 Hispaniam
2458 2011 2801 2082 reliquisset,
2849 2017 3090 2085 quamvis
3124 2017 3233 2087 jam
3275 2018 3474 2077 bellum

1910 2105 2096 2151 contra
2121 2096 2348 2163 Mauros,
2382 2107 2436 2154 et
2465 2114 2560 2169 pro
2604 2101 2878 2158 Bonifacio
2923 2105 3111 2161 fuisset
3147 2119 3473 2179 susceptum.

1911 2185 2120 2243 Etenim
2150 2187 2465 2245 defectionis
2491 2192 2743 2255 Bouifagii
2780 2193 2984 2249 initium
3033 2194 3239 2253 ldacius
3282 2199 3349 2254 ad
3378 2216 3475 2255 an-

1911 2297 2037 2335 num
2059 2280 2166 2337 423
2193 2292 2429 2349 revocat,
2460 2283 2547 2338 ubi
2572 2285 2645 2339 ait
2671 2302 2683 2337 :
2724 2284 3026 2356 Bonifacius
3061 2290 3310 2356 palatium
3334 2294 3476 2348 dese-

1910 2388 2025 2426 rens
2041 2373 2269 2437 Africam
2294 2375 2405 2446 80
2429 2374 2642 2440 invadit,
2676 2376 2917 2445 quamvis
2947 2377 3173 2434 deiectio
3210 2382 3365 2437 annis
3393 2398 3477 2437 sc-

1910 2463 2198 2531 quentibus
2227 2464 2421 2519 clarius
2447 2466 2706 2535 eruperit,
2736 2477 2791 2522 et
2817 2469 3045 2525 societas
3088 2470 3225 2527 inter
3269 2474 3475 2528 Bonifa-

1908 2553 2050 2607 cium
2081 2562 2138 2608 et
2176 2554 2440 2610 Vandalus
2485 2556 2721 2612 stabilita
2770 2557 2995 2616 fortasse
3037 2561 3104 2615 ad
3150 2577 3347 2618 annum
3374 2564 3476 2621 £26

1911 2643 2124 2700 circiter
2159 2644 2440 2701 referenda
2475 2648 2563 2702 sit.
2604 2648 2799 2703 Verum
2841 2651 2973 2705 nihil
3012 2661 3093 2707 est
3135 2669 3353 2725 necesse
3383 2671 3477 2726 pu-

1909 2750 2066 2805 gnam
2100 2737 2240 2790 inter
2272 2735 2540 2793 Vandalos
2577 2746 2634 2794 et
2668 2739 2881 2796 lauros
2920 2740 3134 2809 din'erre
3173 2744 3237 2799 ad
3271 2755 3477 2818 tempus

1909 2837 2108 2897 apertae
2138 2829 2450 2885 defectionis
2478 2830 2757 2899 Bonifacii,
2803 2843 2858 2887 et
2898 2833 3044 2895 inita:
3086 2837 3224 2892 inter
3256 2839 3401 2895 hunc
3424 2852 3476 2895 ct

1914 2918 2176 2973 Vandalus
2196 2920 2485 2975 societatis.
2518 2920 2740 2991 ldacius,
2764 2937 2871 2993 quo
2894 2925 2945 2978 in
2981 2926 3064 2981 bis
3085 2926 3245 2982 rebus
3265 2937 3320 2984 et
3342 2940 3475 2984 tem-

1909 3010 2130 3079 poribus
2160 3010 2491 3081 locupletior
2512 3012 2651 3068 alius
2690 3014 2844 3070 testis
2870 3015 3024 3070 nobis
3053 3032 3159 3072 non
3189 3030 3293 3085 est,
3334 3035 3476 3075 anno

1907 3100 2014 3158 435
2042 3112 2217 3156 narrat
2246 3120 2259 3155 :
2304 3102 2523 3157 Vandali
2549 3101 2840 3159 Balearicus
2860 3106 3055 3162 insulas
3082 3110 3473 3176 deprtcdantur;

225 3206 376 3257 tertia
398 3221 518 3271 pars
536 3204 724 3273 Africa:
736 3204 960 3270 cederet;
987 3204 1125 3275 quod
1135 3203 1179 3258 si
1197 3205 1308 3273 quis
1319 3204 1449 3259 bello
1469 3206 1803 3274 impeterefur,

1909 3192 2092 3248 deinde
2117 3192 2424 3265 Carthagine
2457 3193 2726 3263 Spartaria
2758 3206 2815 3248 .et
2842 3196 3052 3268 Hispali
3075 3214 3264 3265 eversa,
3303 3210 3350 3257 et
3380 3202 3477 3256 lli-

221 3311 489 3349 comntane
517 3297 792 3367 periculum
806 3305 952 3350 esset.
1001 3295 1128 3349 Ha'c
1155 3294 1301 3349 Pacti
1333 3295 1572 3360 Vandali,
1622 3298 1806 3369 fretum

222 3386 289 3438 ad
316 3384 491 3441 Gades
521 3387 785 3441 transvecti
814 3388 863 3440 in
888 3386 1116 3455 Africam
1145 3380 1472 3441 venereQAlii
1503 3386 1674 3451 ipsum
1697 3387 1803 3442 Bo-

225 3476 478 3531 nifacium
510 3477 815 3547 Hispaniam
845 3477 1041 3533 adiisse
1067 3484 1308 3543 narrant,
1340 3484 1397 3530 ut
1416 3492 1535 3531 cum
1553 3476 1802 3532 Gnntha-

222 3567 303 3621 rio
324 3576 384 3621 et
408 3565 696 3622 Genserico
725 3568 1014 3622 amicitiam
1049 3567 1411 3622 contraheret.
1460 3568 1677 3622 Vivebat
1709 3568 1805 3637 igi-

222 3664 309 3710 tur
330 3655 655 3711 Guatharius
676 3672 794 3712 cum
824 3655 1127 3712 Bonifacius
1153 3656 1418 3711 Vandalus
1466 3656 1518 3710 in
1550 3656 1801 3711 auxilium

220 3748 321 3802 sibi
349 3748 646 3814 advocavit,
672 3762 843 3817 neque
889 3748 1062 3803 simile
1080 3763 1211 3803 vero
1254 3756 1336 3803 est
1363 3747 1626 3803 Vandalus
1653 3748 1804 3802 ausi-

219 3837 353 3894 lium
378 3838 666 3894 distulisse.
690 3838 862 3908 Atque
882 3838 996 3894 bzec
1018 3848 1100 3895 est
1124 3839 1261 3893 ratio
1273 3854 1369 3893 cur
1395 3838 1483 3893 alii
1512 3837 1580 3892 ab
1606 3838 1723 3893 aliis
1749 3839 1799 3893 in

219 3946 365 3986 anno
392 3932 502 4001 79
532 3931 785 3986 transitus
807 3930 1162 3986 Vandalorum
1200 3932 1253 3986 in
1299 3930 1532 3987 Africam
1590 3931 1799 3987 dissen-

216 4023 376 4087 tiant,
406 4021 527 4091 quia
554 4022 792 4077 nona-ulli
839 4023 1198 4080 incursionem
1246 4023 1480 4093 aliquam
1531 4039 1719 4079 eorum
1772 4038 1802 4078 a

219 4115 444 4168 transitu
478 4113 645 4168 totius
675 4113 904 4168 nationis
928 4130 1036 4168 non
1084 4101 1466 4170 distinxerunt.
1522 4112 1802 4170 Ruiuartio

214 4217 336 4273 cap.
372 4204 407 4258 3
431 4202 565 4257 llist.
592 4203 862 4258 Persecnt.
895 4202 1116 4257 Vandal.
1147 4205 1344 4258 certior
1371 4204 1580 4258 videtur
1609 4219 1802 4258 consu-

216 4294 328 4347 lum
362 4304 486 4348 uota
514 4295 566 4349 in
604 4294 849 4362 Prosperi
878 4294 1166 4361 Chronico,
1197 4295 1336 4363 qttod
1368 4294 1687 4350 Gensericns
1733 4310 1799 4349 ex

215 4384 471 4454 Hispania
499 4386 550 4439 in
589 4385 818 4440 Africam
868 4386 1137 4441 transierit
1194 4386 1374 4442 llierio
1423 4395 1476 4441 et
1523 4387 1801 4440 Ardaburc

211 4476 547 4540 consulibus,
592 4477 791 4531 scilicet
820 4491 961 4530 anno
989 4476 1514 4533 427..Cassiodorins
1537 4478 1694 4532 etiam
1745 4477 1795 4529 in

208 4566 286 4618 Ch
320 4567 482 4620 onico
509 4567 694 4621 scribit
720 4567 981 4622 Vandalus
1002 4583 1031 4621 a
1063 4566 1249 4622 Gothis
1274 4584 1337 4621 cx
1392 4568 1640 4636 llfspztnia
1684 4568 1795 4635 put-
1832 4558 1877 4613 Ι)

206 4668 297 4709 sos
320 4654 375 4709 in
409 4655 641 4711 Africam
670 4656 1029 4712 transmisisse
1058 4644 1235 4712 llicrio
1267 4668 1322 4712 et
1357 4658 1630 4713 Ardalmre
1670 4674 1797 4712 cnn-

209 4744 442 4799 sulibus.
475 4746 687 4802 Atvero
716 4763 834 4802 eum
866 4748 1069 4803 ldacius
1095 4747 1195 4804 hoc
1215 4749 1332 4817 ipso
1360 4759 1601 4818 tempore
1628 4752 1678 4804 in
1710 4752 1801 4806 tli-

206 4835 397 4904 spania
420 4836 636 4904 vixerit,
666 4848 719 4893 et
747 4838 909 4893 totius
956 4840 1145 4910 gentis
1180 4839 1537 4896 Vandalorum
1600 4843 1796 4912 migra-

210 4925 419 4979 tionem
451 4926 502 4980 iu
534 4928 765 4983 Africam
789 4929 1090 4985 distinctius
1132 4931 1353 4997 referat,
1399 4942 1452 4987 et
1480 4931 1545 4985 ad
1598 4949 1794 4988 anntuu

205 5014 313 5071 429
340 5015 578 5081 ditterat,
612 5019 768 5088 hujus
796 5020 971 5088 potius
1013 5022 1272 5076 sententia
1319 5022 1545 5077 tenenda
1590 5033 1691 5078 est.
1718 5024 1792 5078 Ita

196 5110 350 5164 enim
372 5111 453 5166 ait
481 5111 786 5182 Olympiade
814 5112 918 5167 502
945 5108 1085 5167 anno
1111 5113 1162 5179 l,
1184 5113 1389 5169 scilicet
1425 5113 1553 5180 429,
1596 5127 1653 5168 ut
1699 5115 1795 5168 l‘a-

1907 3282 2102 3352 spaniis
2126 3281 2450 3353 depra’datis,
2486 3283 2847 3338 Mauritaniam
2868 3287 3130 3341 invadunt.
3157 3288 3279 3345 llmc
3297 3294 3473 3359 omuja

1905 3373 2096 3429 eodem
2127 3390 2272 3430 anno
2297 3374 2423 3441 425,
2456 3377 2538 3430 cui
2578 3377 2645 3432 ab
2693 3377 2866 3432 ldacio
2894 3380 3256 3447 ascribuntur,
3294 3386 3475 3438 centi-

1904 3467 2045 3535 gisse
2074 3481 2166 3520 cur
2198 3467 2496 3535 negemus!
2525 3466 2692 3535 Quam
2724 3477 2845 3538 apte
2873 3471 3121 3525 convenit
3151 3472 3328 3528 Idacio
3353 3490 3472 3527 t‘llttt

1907 3558 2191 3612 Dracontio
2211 3559 2236 3612 ἲ

2028 3649 2237 3715 Contulit
2263 3639 2447 3699 absenti
2475 3658 2620 3715 terra»
2648 3651 2903 3713 pelagique
2929 3654 3211 3715 triumphos,

2090 3711 2253 3759 Ansila
2274 3718 2501 3769 testatur,
2529 3711 2721 3761 Maurus
2745 3711 2925 3775 ubique
2941 3711 3088 3775 jacr-t'.

1908 3815 2175 3870 Vandalus
2201 3815 2311 3884 jam
2339 3826 2448 3871 tum
2477 3832 2598 3872 eum
2630 3817 2908 3888 Hispanias
2952 3819 3178 3890 ingrcssi
3223 3820 3468 3885 fuissent,

1906 3909 2097 3965 Africa:
2129 3909 2387 3976 inhiasse,
2416 3910 2801 3979 piraticamque
2832 3912 2882 3965 iu
2914 3913 3044 3965 mari
3072 3912 3338 3966 Atlantico
3365 3914 3472 3968 Me-

1903 4001 2310 4069 diterraneoque
2335 4001 2663 4065 exercuisse,
2708 4015 2778 4056 ex
2818 4001 3039 4057 Sidonio
3077 4004 3302 4071 probare
3343 4019 3475 4058 con-

1905 4093 2075 4149 tendit
2115 4092 2466 4162 Wnll’gangus
2518 4092 2709 4147 Latius
2758 4093 2853 4148 lib.
2886 4111 2936 4147 xi
2971 4095 3039 4149 de
3081 4086 3238 4150 Gen‘t.
3268 4094 3473 4164 διῆκταί.

1903 4184 2006 4240 Sed
2041 4185 2309 4260 Sidonius
2332 4192 2519 4253 aperte
2558 4184 2794 4255 loquitur
2821 4188 2889 4240 de
2925 4195 3163 4256 tempore
3191 4202 3299 4259 quo
3331 4188 3475 4246 Gen-

1903 4278 2106 4334 sericns
2135 4279 2186 4332 in
2214 4278 2391 4333 Africa
2437 4293 2659 4345 regnum
2692 4278 3037 4333 Vandalicum
3083 4280 3378 4346 obtinebat,
3421 4293 3475 4338 ut

1905 4369 2064 4436 paulo
2088 4378 2211 4423 ante
2232 4383 2381 4422 num.
2417 4367 2521 4422 {0-2
2556 4368 2857 4422 observavi.
2901 4367 3060 4423 Nobis
3093 4369 3367 4439 perspicue
3395 4370 3463 4425 fac

1904 4470 1993 4515 vct
2019 4460 2257 4530 satiSque
2283 4468 2368 4514 est
2395 4459 2619 4514 ldacius.

2522 4572 2749 4629 CAPUT
2780 4572 2880 4634 ,Xl.

1906 4664 2188 4719 Nonnullae
2226 4664 2444 4717 rationes
2476 4664 2658 4733 quibus
2703 4661 3007 4716 Dracontius
3040 4661 3091 4713 in
3127 4662 3305 4730 Africa
3343 4662 3473 4715 srri-

2047 4737 2204 4803 psisse
2233 4735 2469 4798 dicatur,
2515 4744 2868 4804 proponuntur
2887 4742 2933 4787 et
2955 4735 3323 4801 “penduntur.

1978 4844 2101 4900 105.
2135 4845 2452 4900 Dracontius
2480 4844 2533 4899 in
2574 4859 2668 4899 sua
2702 4844 2874 4913 elegia
2914 4843 3179 4913 quoddam
3220 4844 3361 4898 aliud
3400 4843 3475 4898 fa-

1902 4943 2047 4990 ctum
2080 4936 2276 4991 indicat
2300 4950 2364 4991 es
2390 4950 2495 5004 quo
2522 4944 2894 5006 argumentum
2918 4934 3026 5003 peti
3060 4934 3229 5003 possit
3261 4934 3327 4988 ad
3355 4934 3472 5003 ejus

1906 5033 2114 5081 :rL-teut
2147 5026 2538 5082 inveniendam.
2588 5027 2677 5081 Sic
2718 5024 2861 5082 enim
2906 5038 3083 5095 regem
3112 5024 3314 5080 Vandal
3354 5044 3469 5082 rum

1899 5117 2188 5186 alloquitur
2219 5132 2359 5172 vers.
2388 5117 2495 5172 299
2515 5134 2532 5171 :

2026 5207 2236 5270 Inclyta:
2258 5209 2570 5269 armipotens,
2599 5215 2776 5257 vestras
2800 5206 2998 5270 pietatis
3019 5208 3174 5270 origo,

2084 5269 2142 5320 Et
2162 5271 2349 5328 doctus,
2372 5272 2522 5331 genio
2545 5274 2737 5331 pronior
2760 5269 2819 5319 ad
2834 5269 3054 5331 veniam,
3129 5319 3133 5323 ,
3323 5305 3330 5311 .

2021 5329 2124 5392 Non
2151 5331 2328 5379 homini
2354 5328 2569 5392 ignosco,
2594 5330 2737 5392 dixit,
2760 5329 2849 5392 sed
2875 5328 3035 5392 lingua
3061 5334 3290 5380 meretur.

2078 5391 2170 5440 Hic
2192 5404 2309 5441 rcus
2331 5389 2391 5441 et
2414 5392 2585 5440 doctus
2605 5389 2914 5439 Vincomalus
2933 5389 3108 5441 fuerat.

156 5202 322 5268 -gius
342 5212 599 5272 supputat
631 5203 959 5257 :Gaisericus
1008 5210 1100 5258 rex
1149 5205 1213 5259 de
1263 5203 1467 5258 Baetica:
1519 5206 1794 5272 provinciae

196 5293 380 5347 littore
404 5309 521 5346 cum
560 5292 803 5348 Vundalis
827 5294 1058 5349 omnibus
1081 5310 1350 5363 eorumque
1376 5295 1585 5365 familiis
1626 5312 1793 5350 mense

198 5384 348 5439 Maio
378 5386 450 5438 ad
482 5384 848 5440 Mauritaniam
868 5396 920 5441 et
939 5385 1163 5457 Africam
1185 5386 1370 5440 relictis
1387 5387 1570 5439 transit
1600 5386 1648 5440 ιι
1656 5389 1794 5454 ispa-

192 5476 324 5529 aliis.
361 5475 486 5543 Qui,
518 5476 810 5546 priusquam
856 5477 1204 5544 pertransiret,
1246 5476 1534 5530 admonitus
1583 5474 1787 5529 Hermi-

184 5567 405 5633 garium
435 5564 658 5620 Saevum
684 5567 871 5619 vicinas
897 5569 948 5619 iu
996 5566 1206 5619 transitu
1257 5582 1347 5618 suo
1392 5567 1674 5634 provincias
1701 5568 1787 5619 de-
1895 5563 2036 5619 scire
2077 5576 2378 5632 possemus,
2424 5560 2581 5616 etiam
2625 5574 2802 5630 regem
2851 5559 2917 5614 ad
2958 5575 3115 5629 quem
3156 5560 3469 5615 Dracontius

188 5656 452 5722 pradari,
482 5671 688 5710 recursu
715 5672 829 5709 cum
858 5656 1126 5724 aliquantis
1149 5655 1250 5707 suis
1287 5655 1440 5725 facta,
1479 5656 1787 5724 prmdaulem
1895 5653 2102 5717 scribit,
2131 5653 2291 5707 facile
2319 5663 2458 5706 esset
2483 5651 2786 5720 des’gnare.
2814 5648 2918 5705 Sed
2948 5651 3175 5719 primum
3205 5649 3258 5704 in
3284 5650 3468 5706 codice

187 5746 255 5797 in
296 5746 570 5799 Lusitania
590 5749 908 5813 consequitur
965 5746 1057 5812 Qui
1079 5745 1217 5798 haud
1238 5746 1416 5815 procul
1442 5743 1506 5799 de
1542 5744 1789 5811 Emerita,
1897 5759 2000 5800 ms.
2035 5746 2206 5812 ipsum
2241 5756 2433 5799 nomen
2467 5740 2796 5796 Vincornafus
2827 5742 2933 5812 81
2951 5748 3204 5812 corrupte
3232 5742 3300 5796 ita
3332 5742 3466 5795 scri-

1902 5473 2153 5541 Quisnam
2205 5473 2363 5527 fue'it
2404 5472 2490 5528 hic
2535 5486 2660 5527 rens
2706 5480 2762 5526 et
2801 5470 2990 5527 doctus
3021 5471 3388 5539 Vincomalus,
3421 5476 3467 5530 si
