4016 6280
568 357 675 415 655

1980 349 2421 412 DRACONTIUS.

567 479 716 537 ptum
742 475 823 523 est
850 466 991 519 vinco
1019 464 1197 518 malos.
1245 463 1432 519 Posset
1461 461 1619 531 igitur
1646 460 1836 531 aliquis
1868 463 2131 532 suspicari
2160 472 2207 528 Α
2237 469 2451 538 egregie
2476 467 2619 524 cadit
2643 467 2695 523 in
2720 465 3086 525 Vincernalum
3115 469 3426 540 episcopum
3453 469 3818 540 Bapareusem

568 558 846 631 legendum
867 558 1160 612 Victovalur
1180 566 1271 610 aut
1295 556 1593 621 Victovales,
1616 556 1766 625 quasi
1793 569 1972 610 sermo
1990 564 2135 612 esset

567 654 633 707 de
646 648 1029 720 antiquioribus
1047 645 1378 717 temporibus
1390 645 1579 716 quibus
1597 644 1815 700 Vandali
1832 645 2136 701 cumVicto-

566 745 701 799 valis
722 742 895 798 fmdus
912 742 1118 796 icerunt
1134 739 1233 794 sub
1256 740 1326 794 M.
1344 740 1560 794 Aurelio
1580 738 1706 794 ctL.
1730 738 1885 794 Vero.
1907 739 2009 795 Alii
2032 738 2139 794 for-

565 846 711 889 tasse
731 832 1016 901 conjicient
1040 830 1400 897 Wiuodamus,
1433 832 1521 900 qui
1544 831 1743 886 sarculo
1767 847 1797 885 v
1820 831 2138 900 procedente

562 926 729 993 gratia
750 934 805 981 ct
821 924 1054 981 amicitia
1076 924 1215 994 apud
1235 923 1593 979 Childericum
1608 923 1933 978 Francorum
1956 938 2134 994 regem

562 1017 847 1086 plurimum
872 1015 1103 1080 valebat,
1130 1016 1197 1070 de
1222 1030 1332 1085 quo
1354 1014 1601 1071 Petavius
1624 1016 1675 1069 in
1702 1016 1975 1070 Rationar.
2005 1028 2136 1071 tem-

563 1124 681 1177 por.
712 1117 855 1177 part.
882 1108 931 1174 l,
951 1107 1044 1163 lib.
1073 1123 1143 1173 Vl,
1172 1122 1289 1175 cap.
1314 1106 1401 1162 l5.
1428 1107 1530 1163 Sed
1556 1122 1677 1162 vera
1702 1108 1857 1163 lectio
1878 1118 1957 1163 est
1979 1123 2135 1178 quam

500 1246 505 1252 .
562 1199 824 1269 expressi,
854 1196 1210 1265 Vincomafus,
1234 1206 1344 1264 aut,
1362 1198 1407 1251 si
1435 1198 1540 1264 vis,
1564 1196 1752 1252 Graeco
1768 1213 1922 1251 more
1950 1196 2139 1251 Vinco-

490 1281 494 1284 ’
562 1294 723 1349 arulas
740 1309 761 1348 :
775 1308 895 1349 cum
918 1294 1061 1348 enim
1090 1302 1300 1348 constet
1323 1292 1477 1362 hujus
1495 1291 1726 1347 nominis
1740 1293 1981 1346 homines
1996 1292 2135 1348 circa

570 1386 679 1439 haec
696 1394 935 1452 tempora
959 1384 1176 1449 vixisse,
1200 1396 1268 1438 ex
1292 1384 1441 1437 vinco
1456 1382 1617 1437 malos
1636 1392 1782 1437 recte
1796 1382 2138 1437 Viucomalns

560 1480 790 1532 eruitur.
815 1474 968 1531 Anno
998 1477 1138 1530 enim
1166 1475 1273 1530 455
1293 1475 1539 1555 consules
1563 1474 1773 1530 fuerunt
1798 1475 2137 1529 Vincomalus

559 1576 620 1624 et
643 1567 851 1639 Opilio;
901 1577 957 1623 et
1004 1567 1340 1622 Marcellinus
1387 1566 1439 1621 in
1472 1564 1740 1621 Chronico
1783 1566 1949 1622 refert
1976 1578 2137 1637 caput

562 1661 620 1718 8.
649 1661 868 1717 Joannis
892 1660 1142 1728 Baptistae
1190 1661 1463 1714 inventum
1500 1657 1795 1712 Vincomafo
1826 1669 1871 1711 rt
1901 1658 2138 1729 Opilt'one

564 1754 869 1818 consulibus,
902 1770 1070 1808 mense
1092 1752 1396 1807 Februario.
1428 1751 1483 1805 ln
1515 1751 1713 1806 Notitia
1736 1753 2134 1822 provinciarum

2240 559 2291 612 in
2319 556 2627 612 Mauritania
2656 556 3013 624 Ctrsariensi,
3048 559 3139 629 qui
3170 573 3307 614 unus
3332 575 3398 615 ex
3424 560 3693 630 episcopis
3720 574 3817 614 ca-

2241 651 2452 705 tholicis
2478 651 2570 705 fuit
2603 651 2690 721 qui
2712 650 3088 721 Carthaginem
3139 667 3237 721 pro
3281 651 3557 708 reddenda
3607 653 3817 706 ratione

2242 740 2364 796 ﬁdei
2405 757 2544 797 anno
2594 742 2627 798 8
2672 742 2813 812 regis
2869 742 3117 798 ﬂunerici
3169 753 3445 799 venerunt.
3513 743 3817 799 Hunericus

2240 840 2576 888 successerat
2622 832 2941 900 Geuscrieo,
2998 833 3264 889 llunerico
3307 836 3571 890 successit
3612 835 3815 890 Guma-

2241 928 2468 983 lmndus.
2535 926 2747 996 Optime
2795 925 2957 997 igitur
3000 926 3237 980 uolueret
3282 924 3427 995 quod
3472 925 3815 978 Viucemalus

2239 1034 2363 1073 reus
2404 1017 2562 1073 luerit
2602 1017 2812 1071 habitus
2842 1029 2870 1069 a
2900 1013 3215 1081 Geuserieo,
3264 1027 3316 1071 ct
3346 1016 3603 1071 doctrina:
3628 1031 3810 1076 causa.

2244 1125 2349 1179 qua
2380 1108 2529 1163 illum
2561 1117 2618 1163 ut
2648 1109 2956 1178 episcopum
2993 1121 3179 1161 carere
3221 1122 3332 1160 non
3362 1107 3615 1175 oportuit,
3658 1105 3812 1160 venia

2241 1202 2498 1257 dimissus
2525 1216 2540 1257 :
2572 1199 2711 1270 quod
2746 1198 2829 1253 avi
2859 1199 3162 1267 exemplum
3194 1196 3546 1253 Guntabundo
3576 1198 3812 1252 Dracon-

2244 1296 2349 1350 tius
2382 1294 2591 1350 veniam
2618 1308 2817 1363 rogans
2847 1294 2898 1347 in
2930 1293 3240 1347 memoriam
3272 1293 3616 1347 revocaverit.
3670 1289 3811 1343 Non-

2240 1385 2370 1440 nulli
2391 1385 2482 1454 qui
2527 1383 2861 1439 diversarum
2904 1383 3186 1437 nationum‘
3214 1390 3268 1437 et
3311 1390 3605 1450 temporum
3649 1380 3810 1434 etiam

2241 1491 2347 1531 non
2375 1475 2529 1530 valde
2558 1474 2702 1530 inter
2727 1488 2787 1529 se
2808 1474 3122 1530 dISIantiutn
3171 1473 3341 1545 stylos
3386 1476 3722 1542 distinguere
3761 1488 3810 1526 sc

2241 1582 2396 1639 posse
2444 1566 2810 1631 arbitrantur,
2859 1565 3058 1620 addent
3101 1567 3151 1617 in
3197 1564 3480 1619 Dracontio
3524 1563 3808 1633 quamdam

2241 1662 2631 1732 Africanitatem
2659 1674 2940 1730 apparere,
2969 1669 3022 1715 et
3051 1661 3271 1729 phrases
3294 1673 3356 1712 ac
3384 1657 3545 1712 verba
3571 1657 3801 1709 inveniri

2240 1769 2357 1823 quae
2390 1753 2555 1821 magis
2575 1752 2789 1821 propria
2812 1751 2993 1805 smculi
3017 1766 3049 1805 v
3088 1750 3334 1805 exeuntis
3372 1764 3524 1819 quam
3569 1747 3805 1801 rneuntis

562 1853 617 1899 et
643 1844 915 1899 civitatum
962 1842 1156 1899 Africa:
1191 1853 1431 1913 tempore
1466 1843 1852 1913 persecutionis
1880 1842 2131 1897 Vandali-
2168 1839 2211 1897 Β
2236 1859 2355 1900 esse
2369 1844 2664 1899 videantur.
2690 1843 2764 1897 De
2784 1840 3591 1912 ltacstylidiversitatebrcvitcr
3605 1839 3805 1899 dicant,

562 1944 659 1998 cur,
688 1933 829 1988 inter
848 1932 1132 2003 episcopos
1163 1933 1495 1987 Mauritania:
1522 1931 1871 1987 Ca‘sa'riensis
1899 1948 2047 1989 num.
2064 1932 2134 1987 93
2235 1935 2604 1992 difficillimum
2627 1948 2746 1990 esse
2768 1935 2911 1989 inter
2932 1932 3065 1988 duos
3090 1934 3377 2000 scriptores
3398 1930 3485 2014 qui
3505 1930 3699 1984 eodem
3717 1942 3806 1981 sat.

563 2024 777 2093 ponitur
805 2023 1128 2077 Vtut-ematur
1157 2022 1487 2094 Baparensis,
1521 2023 1608 2077 ubi
1641 2032 1790 2078 nomt
1828 2023 2135 2079 Ruinartius
2235 2028 2357 2083 culo
2386 2045 2419 2082 v
2452 2025 2698 2091 vixerint,
2739 2041 2964 2097 quorum
3012 2024 3153 2079 alter
3186 2023 3482 2092 Hispanus,
3518 2022 3661 2077 alter
3692 2021 3805 2075 Afer

565 2116 619 2170 in
663 2113 849 2169 codice
894 2114 1228 2168 Lauduneusi
1273 2114 1373 2183 legi
1426 2113 1749 2168 Vincemalas
1807 2113 2133 2185 Baparensis.

563 2205 805 2262 Concilio
832 2204 1091 2259 Toletano
1121 2218 1235 2269 xui,
1261 2218 1401 2258 anno
1429 2204 1553 2271 683,
1595 2204 1909 2274 subscripsit
1941 2203 2135 2258 Vnica-

564 2297 730 2352 ntalus
751 2296 1025 2360 diaconus,
1054 2310 1217 2365 agens
1257 2296 1426 2350 vicem
1470 2295 1670 2350 Atilani
1712 2295 1945 2366 episcopi
1985 2295 2140 2349 Pam-

556 2387 875 2459 piloneusis,
926 2388 1125 2457 inquo
1169 2386 1384 2442 nomine
1429 2386 1533 2441 levi
1581 2386 1806 2440 duarum
1839 2385 2136 2440 litterarum

567 2477 879 2548 traiectione
914 2476 1248 2531 Vincomafus
1278 2476 1504 2530 fortasse
1543 2476 1644 2530 erit
1684 2476 1987 2544 legendum.
2035 2475 2138 2529 Sed

567 2570 677 2636 hic,
726 2568 837 2625 sive
884 2564 1246 2636 \’nicomalus,
1292 2567 1405 2623 sive
1433 2565 1795 2636 Vincomalus,
1846 2566 1912 2621 ad
1953 2581 2142 2622 conse-

566 2660 780 2732 quentia
812 2666 1050 2729 tempora
1081 2658 1332 2728 pertinet.

634 2750 761 2806 406.
793 2749 1049 2816 Quamvis
1079 2759 1257 2804 autem
1283 2750 1371 2803 alii
1402 2748 1693 2804 Vincomali
1723 2758 1817 2802 aut
1850 2748 2139 2803 Vincemali

564 2842 694 2899 mihi
745 2857 886 2899 nunc
934 2856 1040 2897 non
1084 2852 1391 2911 occurrant,
1441 2842 1618 2911 plures
1649 2852 1824 2897 tamen
1855 2847 2141 2911 potuerunt

564 2947 682 2991 esse
730 2933 802 2989 ita
847 2932 1119 3004 appellati,
1169 2942 1224 2988 et
1274 2932 1617 3003 probabiliter
1663 2931 1898 2987 fuerunt.
1950 2931 2030 2987 Ex
2059 2930 2142 2986 bis

564 3040 691 3081 vero
745 3024 955 3080 duobus
1004 3025 1046 3078 si
1099 3024 1165 3078 de
1214 3023 1525 3079 Vineomalo
1572 3024 1797 3079 consule
1847 3024 2143 3091 intelligere

565 3116 903 3171 Dracontium
951 3115 1198 3182 velimus,
1241 3116 1411 3185 potuit
1453 3130 1537 3169 res
1564 3114 1832 3169 accidisse
1857 3113 2143 3169 sub‘Godi-

569 3207 741 3277 gisclo
772 3215 919 3278 patre
948 3205 1251 3273 Guntharii,
1278 3207 1402 3260 dum
1434 3206 1571 3260 viam
1604 3206 1703 3260 sibi
1735 3205 1800 3260 ad
1832 3204 2139 3276 Hispaniam
2167 3198 2212 3259 C

566 3314 662 3370 per
685 3299 967 3370 Pyrenaeos
1003 3306 1213 3352 montes
1248 3285 1455 3351 contra.
1477 3297 1745 3351 Romanos
1785 3304 2142 3366 repugnantes

565 3390 823 3460 aperiret,
869 3396 961 3442 aut
1009 3396 1285 3457 postquam
1334 3387 1386 3441 iu
1432 3385 1683 3442 Gallrcia
1732 3402 1853 3442 cum
1897 3385 2145 3443 Vandalis

565 3484 676 3536 suis
716 3480 963 3536 consedit
999 3500 1014 3536 :
1068 3479 1272 3534 scilicet
1307 3478 1352 3534 si
1389 3478 1702 3534 Vincomalo
1741 3478 1918 3534 adhuc
1958 3477 2142 3548 juveni

568 3573 768 3643 ignovit
798 3570 1157 3644 Godig‘sclus,
1208 3580 1262 3627 et
1293 3571 1430 3626 idem
1472 3571 1816 3628 Vincomalus
1839 3572 1950 3641 jam
1981 3585 2142 3628 senex

568 3664 904 3720 consulatum
954 3663 1113 3719 fuerit
1157 3662 1424 3733 adeptus,
1475 3662 1739 3734 siquidem
1787 3663 1856 3717 ab
1902 3663 2144 3734 ingressu

568 3755 921 3811 Vandalorum
953 3757 1004 3810 in
1031 3755 1341 3822 Hispaniam
1386 3755 1452 3809 ad
1479 3755 1819 3810 consulatum
1846 3754 2141 3810 Vincomali

572 3847 743 3902 solum
772 3846 895 3901 anni
925 3847 992 3901 M
1023 3846 1362 3902 efﬂuxerunt.
1397 3847 1472 3901 De
1496 3844 1809 3899 Vincomalo
1830 3854 1922 3901 aut
1952 3845 2143 3901 Vince-

575 3935 719 3992 malo
748 3936 997 4005 episcOpo
1023 3936 1271 4004 ianfrica
1297 3935 1340 3989 si
1364 3936 1482 4004 quis
1504 3935 1851 3989 Dracontium
1875 3936 2144 4005 explicare

573 4034 817 4090 conetur,
843 4024 895 4078 id
921 4034 1067 4080 certe
1102 4024 1190 4078 vix
1231 4024 1451 4093 intelligi
1501 4026 1717 4092 poterit,
1768 4025 1871 4079 nisi
1913 4027 2143 4080 Dracon-

574 4116 706 4169 tium
739 4117 790 4168 in
821 4113 999 4168 Africa
1032 4113 1226 4169 vixisse
1254 4122 1309 4168 et
1337 4114 1615 4183 scripsisse
1648 4124 1944 4168 teneamus.
1972 4118 2144 4184 Atque

572 4205 697 4260 hinc
723 4203 1081 4275 conjecturam
1110 4212 1251 4273 petet
1296 4204 1488 4273 aliquis
1526 4213 1583 4257 ut
1607 4203 1876 4258 Dracontii
1904 4205 2013 4276 82
2044 4205 2143 4261 Sa-

572 4295 928 4350 tisfactionem
955 4292 1020 4348 ad
1051 4293 1464 4367 Guntabundum
1493 4293 1849 4348 Vandalotum
1879 4296 1932 4348 in
1964 4294 2140 4349 Africa

570 4401 750 4457 regem
778 4385 1033 4440 directam
1065 4397 1187 4440 esse
1213 4386 1522 4440 contendat.
1553 4383 1685 4439 Nam
1712 4401 1902 4441 nomen
1935 4386 2137 4455 regisin

569 4478 755 4534 codice
777 4475 1034 4531 Vaticano
1060 4488 1372 4545 expressum
1399 4474 1759 4530 Cuthamndus
1808 4492 1959 4547 teque
1988 4477 2141 4532 facile

569 4572 636 4625 ad
685 4571 726 4626 ϐ
739 4569 1101 4624 untabundum
1172 4568 1253 4622 vel

568 4672 767 4735 potest,
791 4676 854 4719 ac
878 4661 944 4718 ad
977 4660 1352 4740 Guntharium.
1392 4661 1660 4717 Prteterea
1691 4662 1781 4716 ubi
1826 4662 2140 4717 Dracontius

569 4758 669 4814 ait:

691 4848 903 4913 Inclytus
922 4848 1238 4913 armipotens,
1263 4852 1442 4913 vestrae
1467 4848 1662 4913 pietatis
1682 4849 1840 4910 origo,

755 4909 817 4962 Et
847 4912 1035 4968 doctus,
1058 4909 1208 4970 genio
1230 4911 1427 4970 pronior
1450 4911 1508 4957 ad
1530 4912 1738 4969 veniam,

569 4995 744 5052 innuit
769 4992 1115 5049 Gensericum
1158 4992 1490 5063 conditorem
1530 4992 1739 5062 imperii
1778 4992 2050 5048 Vanilalici
2085 4994 2136 5048 in

570 5088 770 5155 Africa,
800 5098 852 5143 et
882 5101 1036 5141 avum
1066 5085 1403 5141 Guntabundi
1430 5104 1443 5139 :
1467 5101 1590 5140 nam
1617 5086 1771 5155 hujus
1795 5095 1943 5155 pater
1961 5085 2140 5141 Geuzo

573 5193 678 5232 non
706 5177 962 5245 regnavit.
994 5176 1062 5232 Et
1081 5185 1226 5231 recte
1253 5174 1467 5245 quidem
1487 5173 1808 5230 Gcnsericus
1829 5174 2138 5244 armipotens

575 5274 792 5320 vocatur
832 5274 881 5320 et
928 5266 1128 5331 doctus,
1174 5266 1261 5336 qui
1313 5279 1561 5335 magnum
1609 5265 1709 5320 sibi
1753 5280 1946 5319 nomen
1977 5266 2141 5321 armis

572 5354 921 5423 comparavit,
948 5365 1001 5410 et
1026 5355 1237 5425 ingenio
1261 5356 1513 5425 pollebat,
1539 5355 1903 5425 doctrinmque
1926 5357 2134 5412 laudem

572 5443 875 5500 affectabat.

553 5564 561 5607 τ
643 5536 767 5592 107.
797 5534 950 5589 Aliud
983 5536 1250 5592 Dracontii
1290 5537 1576 5605 distichon,
1618 5539 1756 5608 quod
1801 5539 1943 5595 illico
1970 5539 2137 5608 subji—

568 5632 664 5692 cit,
697 5626 961 5688 videlicet,

691 5719 795 5768 Non
823 5718 1019 5779 ignosco
1040 5718 1237 5781 homini,
1261 5719 1403 5781 dixit,
1426 5720 1511 5767 sed
1538 5718 1698 5781 lingua
1726 5732 1947 5773 meretur
1970 5740 1979 5772 :

752 5777 915 5830 Hic'rc
925 5792 981 5827 us
999 5785 1051 5826 ct
1073 5777 1245 5826 doctus
1265 5779 1565 5829 Vincoutalus
1588 5777 1763 5845 fuerat,

2000 5854 2019 5888 ι

1325 4568 1759 4624 Guntamundum
1834 4569 2139 4639 detorqueri
2174 4559 2224 4617 Ι)

2238 2117 2413 2181 fuerit,
2429 2116 2714 2171 discrimen
2742 2117 2981 2171 invenire
3003 2114 3057 2169 in
3074 2114 3190 2185 ipsa
3205 2114 3320 2168 sola
3344 2112 3552 2167 dicendi
3576 2112 3803 2166 ratione.

2240 2208 2459 2264 Accedit
2477 2208 2821 2263 Dracontium
2845 2207 2898 2262 in
2927 2219 3201 2261 carcerem
3213 2204 3510 2274 conjectum
3534 2204 3803 2258 aerumnis

2238 2317 2343 2373 que
2371 2316 2684 2371 Oppressum
2716 2300 2830 2354 bzrc
2871 2299 3104 2355 carmina
3136 2297 3518 2366 composuisse,
3540 2306 3601 2348 ut
3622 2295 3803 2348 mirum

2241 2413 2343 2450 nou
2374 2397 2444 2449 s't
2468 2396 2511 2448 si
2541 2393 2655 2463 ejus
2678 2408 2857 2448 sermo
2878 2390 3167 2461 aliquando
3190 2390 3318 2444 fluat
3352 2389 3641 2442 lutulentus
3660 2426 3677 2449 ,
3708 2386 3800 2438 etsi

2241 2486 2413 2541 multa
2442 2483 2707 2555 ejusmodi
2730 2497 2848 2554 quo:
2874 2482 3154 2552 diSplicere
3176 2480 3285 2552 33
3314 2478 3536 2549 possint,
3574 2476 3803 2530 librariis

2238 2589 2292 2632 et
2320 2575 2820 2646 interpolatoribus,
2864 2588 2891 2627 a
2930 2573 3122 2643 quibus
3150 2572 3289 2627 male
3320 2571 3528 2626 habitus
3561 2578 3656 2623 est
3686 2566 3785 2622 Dn

2240 2671 2469 2734 contins,
2501 2669 2722 2723 omnino
2752 2666 3028 2722 tribuenda
3060 2675 3200 2721 sunt.
3800 2652 3813 2669 ⁶

2313 2762 2434 2818 108.
2484 2761 2635 2829 Quod
2685 2763 2873 2816 attinet
2925 2761 2991 2814 ad
3044 2760 3267 2816 alteram
3320 2759 3686 2828 conjecturam
3737 2755 3802 2812 de

2241 2853 2551 2908 Viucemalo
2579 2852 2853 2922 episcopo,
2883 2835 3020 2905 haud
3050 2849 3298 2920 equidem
3326 2848 3633 2919 negaverim
3664 2847 3801 2900 ordi~

2242 2958 2365 2999 nem
2393 2943 2717 2997 narrationis
2762 2941 3005 3011 apposite
3053 2940 3365 3010 procedere.
3416 2939 3523 2994 Sed
3574 2955 3697 2992 cum
3748 2937 3807 2994 de

2247 3018 2558 3089 Vincoiualo
2585 3034 2807 3089 consule
2836 3042 2928 3087 aut
2956 3032 3023 3088 de
3050 3034 3154 3087 alio
3183 3033 3420 3102 ejusdem
3452 3031 3686 3086 nominis
3718 3033 3808 3084 suit

2245 3126 2541 3180 Gunthario
2591 3125 2907 3180 Dracoatius
2959 3125 3123 3193 possit
3172 3123 3394 3191 exponi,
3441 3132 3809 3192 argumentum

2245 3217 2383 3287 quod
2416 3217 2539 3272 inde
2568 3218 2764 3286 petitur
2790 3232 2973 3286 parum
2998 3218 3183 3271 efficax
3215 3227 3316 3280 est,
3345 3231 3408 3270 ac
3434 3217 3590 3285 plane
3621 3213 3810 3269 refelle

2247 3321 2332 3366 tur
2360 3327 2427 3365 ex
2461 3311 2745 3380 triumphis
2785 3323 2922 3365 terra
2953 3311 3193 3380 marique
3218 3311 3499 3380 reportatis
3542 3325 3682 3379 quos
3708 3324 3812 3364 mc-

2246 3411 2421 3459 morat
2448 3403 2782 3456 l’lracoutius.
2814 3400 3023 3456 Etenim
3049 3402 3117 3456 de
3137 3401 3491 3457 Cuntabundo
3514 3401 3631 3456 huc
3652 3414 3812 3470 pauca

2248 3507 2429 3550 narrat
2462 3493 2758 3563 Procopius
2787 3493 2878 3546 lib.
2910 3509 2926 3546 t
2956 3493 3151 3547 lliStor.
3183 3492 3400 3546 Vaudal.
3429 3510 3443 3545 :
3473 3491 3569 3545 Hic
3604 3490 3815 3545 Gunde-

2245 3587 2465 3640 mundus
2503 3586 2673 3638 multis
2713 3585 2764 3636 in
2800 3582 3008 3637 Mauros
3046 3583 3236 3653 pra'lit's
3275 3584 3444 3652 factis,
3493 3583 3815 3650 narratisque

2246 3679 2456 3747 pessime
2473 3674 2799 3740 Christianis,
2824 3692 2962 3746 wgro
2988 3690 3200 3745 corpore
3220 3675 3428 3728 interiit.
3448 3673 3599 3742 Quod
3628 3672 3811 3742 pra-lia

2244 3784 2364 3824 eam
2393 3768 2591 3822 Mauris
2621 3767 2814 3823 absens
2856 3770 3119 3835 gesserit,
3166 3766 3295 3820 nihil
3340 3775 3423 3821 est
3458 3767 3603 3820 unde
3639 3763 3817 3833 colligi

2246 3858 2443 3929 possit;
2475 3857 2642 3911 multo
2670 3871 2799 3910 vero
2825 3856 2999 3909 minus
3029 3854 3168 3925 quod
3191 3856 3305 3924 ejus
3331 3863 3567 3921 tempore
3602 3855 3820 3909 navales

2246 3966 2435 4022 pugna:
2455 3948 2715 4005 confecta-
2743 3946 2961 4013 fuerint,
2984 3949 3225 4016 autquod
3247 3956 3430 4002 contra
3447 3947 3674 4009 Guthos,
3690 3961 3818 4016 quo-

2245 4060 2362 4099 rum
2385 4043 2489 4097 dux
2516 4041 2673 4109 fuerit
2689 4041 2894 4104 Ansilaﬁ
2916 4039 3137 4094 Vandali
3165 4041 3530 4119 pugnaverint.
3548 4040 3644 4095 llis
3658 4040 3820 4101 adde,

2247 4133 2661 4192 Guntabundum
2711 4132 3068 4187 Vandalorum
3117 4134 3170 4185 in
3202 4132 3376 4186 Africa
3424 4147 3645 4202 regnum
3689 4132 3818 4185 ade-

2249 4237 2391 4298 ptum
2423 4227 2586 4281 fuisse
2615 4237 2844 4281 exeunte
2874 4240 3014 4279 anno
3043 4224 3169 4289 484,
3222 4225 3488 4279 interiisse
3517 4239 3649 4278 vero
3678 4233 3824 4278 anno

2246 4320 2351 4376 496
2392 4327 2483 4372 aut
2512 4317 2775 4387 sequenti,
2819 4325 2877 4371 ut
2904 4316 2991 4369 alii
3025 4315 3151 4370 voln
3175 4324 3231 4374 οι.
3262 4315 3526 4384 Eugenius
3555 4330 3693 4369 vero
3733 4315 3825 4384 qui

2246 4414 2456 4470 libellos
2489 4413 2753 4468 Dracontii
2781 4420 2903 4467 ante
2930 4427 3123 4465 annum
3155 4410 3261 4467 630
3287 4410 3609 4480 corrigebat,
3646 4410 3825 4478 majoo

2253 4522 2365 4561 rem
2395 4513 2710 4559 vetustatem
2752 4503 2855 4557 illis
2887 4503 3118 4557 tribuere
3160 4502 3394 4568 videtur,
3441 4504 3565 4555 dum
3618 4499 3828 4555 cos'ait

2249 4610 2425 4665 capere
2460 4593 2671 4646 nitidam
2702 4593 2852 4662 longo
2889 4601 2999 4659 post
3042 4601 3263 4662 tempore
3285 4592 3508 4659 pallam;
3538 4604 3605 4643 ac
3632 4604 3833 4643 rursus

2249 4688 2347 4742 sibi
2380 4687 2561 4756 objicit
2593 4702 2608 4740 :
2635 4685 2701 4739 Et
2725 4686 2837 4752 quis
2865 4692 2937 4738 est
2979 4694 3193 4738 veterum
3221 4684 3309 4750 qui
3343 4686 3574 4737 carmina
3617 4684 3833 4736 mutal.’

2251 4778 2385 4848 quod
2410 4776 2705 4831 lldefonsus
2726 4777 2774 4829 in
2807 4775 3021 4844 Eugenii
3054 4775 3229 4845 elogio
3266 4775 3565 4836 confirmat,
3607 4775 3707 4829 ubi
3741 4789 3832 4828 rc-

2249 4874 2349 4929 fert
2372 4887 2492 4926 eum
2518 4871 2725 4926 libellos
2752 4869 3024 4925 Dracontii
3060 4870 3399 4933 emendasse,
3432 4885 3557 4938 quos
3587 4868 3835 4939 antiqui-

2248 4974 2323 5016 las
2350 4964 2626 5031 protulerat
2654 4963 2876 5016 vitiafos.
2921 4958 3045 5017 "rec
3074 4971 3218 5016 certe
3247 4963 3414 5032 magis
3458 4960 3647 5015 favent
3687 4961 3838 5016 :etati

2246 5053 2514 5109 Dracontii
2539 5053 2688 5108 initio
2719 5053 2899 5108 stctuli
2933 5070 2963 5107 v
2988 5053 3364 5124 consignandze
3389 5068 3543 5123 quam
3574 5052 3837 5122 ejusdem

2245 5146 2427 5201 surculi
2458 5146 2573 5201 fini.
2596 5144 2961 5201 Columbanus
2990 5146 3173 5211 etiam,
3199 5146 3288 5216 qui
3310 5145 3550 5200 saeculov
3581 5155 3843 5202 exeunte

2245 5246 2298 5292 et
2328 5253 2376 5292 vt
2409 5239 2625 5293 ineunte
2655 5238 2864 5306 claruit,
2899 5236 3167 5293 Dracontii
3199 5236 3438 5291 carmina
3467 5235 3611 5291 inter
3642 5248 3842 5294 vetera

2244 5329 2383 5384 dicta
2416 5328 2701 5393 referebat,
2731 5338 2787 5383 ut
2812 5329 2920 5382 dlxi
2953 5346 3096 5383 num.
3126 5329 3179 5385 8.

2314 5420 2434 5487 l09.
2467 5421 2541 5474 Ex
2574 5419 2818 5474 laudibus
2854 5421 3046 5488 quibus
3076 5419 3393 5474 Dracontius
3423 5434 3603 5484 regem
3641 5435 3851 5484 prose.

2244 5512 2445 5583 quitur,
2475 5510 2777 5580 conjectura
2807 5510 2966 5565 ctiam
2997 5510 3117 5565 duci
3147 5520 3320 5580 potest
3351 5527 3418 5565 ne
3446 5511 3588 5564 hunc
3622 5512 3847 5567 Cunta»

2245 5601 2478 5656 buudum
2505 5600 2666 5655 fuisse
2688 5601 3075 5655 existimemus.
3109 5601 3497 5656 Gttntabuudus
3523 5601 3719 5668 enim,
3744 5607 3855 5660 etsi

2245 5695 2297 5747 in
2326 5692 2618 5747 catholicos
2638 5691 2927 5746 Ccnserico
2953 5702 3005 5746 ct
3023 5691 3291 5747 llunerico
3320 5691 3709 5761 indulgentior
3736 5696 3836 5750 fue

2245 5783 2333 5848 rit,
2365 5782 2706 5838 nihiloiuinus
2735 5782 2963 5839 Arianus
2990 5791 3102 5838 crat
3133 5792 3183 5839 ct
3215 5782 3605 5838 catholicorum
3646 5802 3833 5858 pem
