3994 6290
215 356 310 413 657
1601 341 1642 398 P
1662 337 1802 394 .OLE

1918 335 2111 392 “ENA.

215 475 386 529 cutor,
417 473 475 518 ut
501 452 788 528 Procopius
818 457 1008 526 aliique
1037 453 1323 516 affirmant,
1355 451 1435 505 ve‘l
1459 457 1602 505 certe
1629 448 1782 504 Aria-
1812 448 1861 505 Α

218 572 306 612 nos
334 554 392 608 in
422 551 710 608 catholicos
735 548 969 602 furentes
998 560 1102 599 non
1131 543 1434 599 cohibebat.
1471 540 1783 594 Dracontius

217 657 392 704 autem
422 643 736 699 cathOlicam
773 640 840 694 de
871 639 972 694 SS.
999 637 1259 692 Trinitate
1292 635 1588 688 doctrinam
1634 640 1786 686 tene-

221 743 322 803 bat,
377 738 676 807 passimque
708 734 759 786 in
790 746 887 786 suo
916 737 1162 800 poemate
1200 729 1268 782 de
1310 728 1418 781 Deo
1467 728 1781 796 proﬁtetur:

219 833 354 904 quod
380 805 853 900 isnpervackeum
904 841 1010 880 nou
1049 834 1132 879 est.
1189 823 1288 877 hoc
1324 821 1442 876 loco
1483 820 1785 875 ostendere.

222 925 330 980 Lib.
369 940 409 988 ι,
432 936 576 978 vers.
608 919 750 976 562:

219 1041 322 1114 84
343 1050 486 1114 5⁸1⁸⁸3
513 1049 560 1095 ill
580 1055 817 1114 tt-ler_num
841 1044 978 1114 Deus
1000 1046 1394 1114 eeregnatorel
1418 1049 1604 1114 aueior,

342 1113 513 1159 Virtus
532 1111 656 1157 tritta
683 1109 834 1166 Deus,
859 1106 1034 1168 triplex
1065 1106 1198 1154 Deus
1219 1105 1373 1168 omnis
1399 1109 1448 1168 et
1467 1114 1606 1159 unus,

342 1174 422 1221 De
447 1185 544 1233 quo
566 1175 813 1232 Speratum
833 1166 1116 1218 conoeditur
1138 1179 1283 1215 omne
1301 1166 1586 1225 benignum.

223 1275 537 1332 Sirmondus
566 1276 690 1345 legit
725 1273 899 1327 Virtus
938 1289 1041 1325 una
1072 1271 1230 1338 Dew,
1280 1271 1444 1323 trinus
1492 1267 1644 1321 Deus.
1689 1267 1793 1322 Sed

227 1370 398 1426 unitas
423 1365 627 1422 natura:
641 1367 771 1421 satis
792 1365 1108 1433 euprimitur
1131 1363 1214 1417 his
1240 1361 1460 1418 vocibus
1475 1362 1614 1414 solus
1637 1357 1792 1425 Deus,

229 1465 362 1518 Deus
385 1462 551 1516 omnis
571 1469 617 1513 et
643 1475 806 1522 unus;
827 1457 944 1512 alite
972 1457 1127 1511 virtus
1153 1456 1287 1508 trina
1309 1453 1466 1518 Deus,
1483 1454 1644 1506 trinus
1664 1452 1796 1506 Deus

228 1557 290 1611 ad
321 1555 617 1609 trinitatem
644 1565 989 1622 personarum
1014 1547 1379 1616 explicandam
1403 1563 1430 1600 a
1455 1546 1627 1616 poetis
1643 1544 1799 1600 Chri-

229 1645 414 1700 stianis
442 1641 672 1710 antiquis
714 1639 952 1694 adhiberi
987 1639 1182 1693 solent.
1215 1635 1470 1691 Claudius
1491 1635 1686 1690 Marius
1712 1634 1801 1690 Vi-

228 1747 364 1797 ctor,
408 1751 503 1789 seu
527 1733 832 1788 Victorinus
873 1732 1021 1785 initio
1063 1731 1203 1784 lib.t
1250 1729 1303 1783 in
1347 1729 1542 1782 Gcnes.
1591 1727 1796 1782 eisdem

3358 334 3464 391 8E8

2015 447 2230 494 Pectoris
2250 447 2465 504 humani,
2485 451 2748 505 conreptus
2768 452 2932 494 mente
2954 444 3139 494 lldeli...

2017 509 2234 558 CliriStus
2257 511 2386 558 enim
2408 510 2550 558 datus
2566 514 2639 556 est
2665 509 2806 557 nobis
2824 520 2939 569 spes
2957 521 3047 556 una
3070 506 3256 556 salutis.

1889 613 2094 668 Similia
2128 613 2278 681 plura
2311 612 2471 668 habet
2497 613 2566 669 de
2600 614 2812 668 Christo
2844 613 2976 679 Deo,
3023 623 3247 678 aeterno,
3278 621 3333 667 et
3361 627 3466 666 uno

1889 718 2009 757 cum
2038 704 2214 767 Patre,
2245 719 2362 771 qua:
2387 714 2571 773 aperte
2593 712 2892 772 repugnant
2913 703 3102 758 haaresi
3121 703 3464 764 Arianorum,
3492 768 3495 770 _

1891 811 1953 849 ac
2003 796 2316 850 nominatim
2351 796 2686 861 Gothorum,
2735 811 2764 849 a
2816 797 3010 865 quibus
3056 811 3172 850 eam
3219 794 3504 848 hmresim:

1895 887 2116 940 Vandali
2174 889 2418 942 hausisse
2473 887 2742 941 dicuntur.
2786 888 3064 944 'l‘enebant
3110 887 3252 942 enim
3283 885 3466 952 Gothi,

1895 988 1949 1032 ut
1981 979 2143 1033 refert
2189 979 2426 1032 Isidorus
2476 979 2526 1031 in
2559 994 2745 1033 eorum
2794 978 3046 1042 Historia,
3097 975 3290 1031 Filium
3325 976 3470 1030 Patri

1894 1070 2161 1140 majestate
2181 1086 2286 1123 esse
2304 1070 2571 1136 minorem,
2598 1079 2643 1123 et
2667 1071 2948 1124 ceternitate
2974 1071 3321 1140 posteriorem.
3350 1070 3471 1140 Spi-

1898 1161 2050 1213 ritum
2073 1168 2240 1213 autem
2261 1169 2492 1214 sanctum
2519 1175 2608 1213 nec
2636 1157 2798 1212 Deum
2819 1175 2942 1223 esse,
2968 1176 3125 1230 neque
3146 1161 3472 1215 substantiam

1901 1254 2078 1308 Patris
2098 1255 2328 1322 existere,
2363 1253 2450 1308 sed
2481 1270 2569 1325 per
2593 1252 2787 1307 Filium
2816 1263 3042 1308 creatum
3065 1271 3192 1322 esse,
3212 1256 3473 1326 utriusque

1897 1346 2178 1399 ministerio
2203 1345 2452 1409 deditum,
2474 1352 2521 1397 et
2549 1344 2815 1398 amborum
2836 1344 3074 1414 obsequio
3102 1345 3379 1400 subditum.

1975 1440 2096 1492 111.
2148 1437 2332 1506 Itaque
2377 1437 2631 1491 credibile
2677 1451 2782 1491 non
2830 1443 2912 1490 est
2961 1436 3333 1504 Dracontinm,
3385 1439 3474 1508 qui

1901 1527 2267 1583 Antiarianum
2285 1542 2345 1583 se
2369 1528 2668 1597 profitetur,
2691 1537 2744 1582 et
2768 1542 2954 1597 magna
2977 1527 3136 1582 animi
3158 1527 3477 1584 demissione

1905 1629 2243 1689 peccatorum
2289 1635 2508 1676 suorum
2537 1622 2744 1676 veniam
2777 1637 2805 1674 a
2838 1621 2950 1676 Deo
2981 1630 3035 1676 et
3065 1621 3117 1676 in
3148 1631 3388 1690 poemate
3415 1621 3479 1677 de

1906 1713 2036 1777 Deo,
2063 1722 2116 1768 et
2148 1714 2198 1767 in
2231 1713 2412 1784 Elegia
2443 1715 2594 1784 petit,
2653 1714 2990 1769 Guntabundi
3020 1715 3160 1785 regis
3189 1716 3392 1780 Ar’ani,
3420 1729 3480 1770 ac

230 1827 403 1883 verbis
431 1840 559 1882 usus
586 1835 666 1880 est
691 1841 706 1880 :
737 1824 910 1877 Virtus
939 1823 1074 1875 trina
1119 1820 1287 1882 Deus;
1331 1834 1504 1889 neque
1542 1820 1595 1873 in
1623 1818 1802 1874 indice

1918 1803 2181 1858 Senserici
2233 1803 2620 1859 catholicorum
2665 1796 3038 1860 crudelissimi
3097 1808 3478 1875 persecutoris,

233 1921 420 1974 tibror.
453 1931 678 1986 expurg.
727 1913 1165 1968 Βι-ιιείοιιθιιρηςίε
1211 1911 1497 1981 quidquam
1545 1908 1800 1965 adversus

230 2027 348 2066 eum
383 2013 602 2062 notatur
645 2006 769 2061 dum
811 2004 926 2073 ejus
967 2017 1104 2071 opus
1148 2010 1478 2056 recensetur.
1526 1999 1617 2054 Sic
1662 1999 1800 2067 apud

232 2103 367 2156 alios
399 2100 664 2169 reperitur
689 2098 820 2151 trina
849 2097 1107 2163 maiestas,
1131 2093 1262 2147 trina
1288 2093 1467 2163 pietas,
1496 2092 1630 2143 trina
1663 2100 1803 2160 pote-

233 2204 358 2256 stas,
385 2191 579 2245 trinum
608 2189 880 2257 specimen,
919 2186 1108 2239 trinum
1138 2199 1338 2248 nutriant,
1371 2184 1560 2236 trinum
1587 2197 1804 2245 nomen;

231 2282 482 2353 quodque
508 2279 719 2350 gravius
742 2277 970 2342 videtur,
1023 2276 1154 2329 trina
1179 2274 1339 2329 deitas
1369 2273 1578 2328 canitur
1620 2273 1671 2326 in
1707 2272 1806 2326 Ec.

232 2373 393 2428 desis
421 2389 436 2424 :
463 2371 528 2424 de
551 2369 741 2439 quibus
766 2367 1048 2434 pbrasibus
1079 2366 1228 2435 plura
1259 2365 1373 2418 dixi
1415 2377 1707 2418 comment.
1741 2364 1807 2417 ad

237 2463 490 2518 Prudent.
515 2475 631 2531 pag.
650 2459 778 2524 259,
803 2458 926 2523 396,
943 2456 1046 2512 587
1071 2457 1206 2526 (Pat.
1226 2457 1295 2510 of.
1316 2465 1354 2512 t.
1380 2455 1530 2524 LIX,
1556 2457 1657 2511 col.
1680 2455 1804 2523 797,

234 2564 507 2608 comment.
534 2553 622 2606 ad.
651 2568 780 2607 vers.
801 2551 871 2605 21)
893 2566 907 2616 ;
935 2551 1248 2621 ejusd.‘tom.
1272 2550 1370 2604 col.
1394 2550 1517 2616 9l5,
1537 2557 1804 2602 comment.

235 2649 300 2698 ad
321 2662 455 2699 vers.
507 2644 564 2709 1;
617 2645 770 2713 hujus
807 2643 929 2696 mini
969 2643 1067 2696 eoi.
1110 2641 1195 2708 19,
1234 2651 1504 2696 comment.
1532 2643 1743 2695 advers.
1776 2642 1810 2696 5

236 2738 564 2809 Ρδυεῶοηι.).
620 2737 671 2790 ln
713 2738 948 2828 carmine
990 2737 1022 2790 4
1060 2736 1118 2791 S.
1145 2735 1365 2805 Eugenii
1393 2735 1458 2788 de
1492 2735 1636 2788 Bono
1668 2735 1808 2804 pacis

235 2831 559 2888 Sirmondus
593 2830 794 2884 edidit:

295 2945 298 2948 ’
347 2933 458 2999 Ῥεικ
487 2935 560 3011 pia
584 2962 768 2998 summa
791 2947 922 2996 Deus
943 2950 1151 3010 peccatis
1177 2949 1598 3011 przemiaprzrstat,

424 3009 648 3072 Jurgantt
667 3025 692 3059 s
717 3013 915 3072 perimit
939 3009 1028 3071 pax
1055 3012 1132 3072 pia
1155 3022 1338 3057 summa
1364 3009 1509 3058 Deus.

235 3117 287 3171 lu
321 3117 558 3171 editione
589 3115 880 3170 Matritensi
932 3115 1073 3168 nulla
1121 3113 1477 3184 discrepantia
1520 3117 1808 3173 adnotatur

235 3225 298 3264 es
331 3207 522 3262 codice
551 3209 784 3276 Azagrtr.
833 3205 888 3260 In
926 3205 1112 3260 codice
1143 3205 1394 3259 Vaticano
1421 3207 1805 3276 Alexandrino,

233 3315 397 3369 quem
416 3299 540 3353 alibi
563 3298 795 3362 laudavi,
815 3298 867 3352 in
893 3305 1117 3368 utroque
1135 3314 1288 3352 versu
1307 3299 1520 3369 legitur,
1541 3300 1654 3358 Pax
1677 3305 1810 3359 trina

236 3406 442 3442 summa
477 3389 634 3452 Deus,
668 3387 807 3457 quod
839 3404 1020 3442 verum
1051 3388 1276 3454 videtur,
1323 3400 1380 3446 et
1421 3393 1609 3448 eodem
1653 3397 1812 3451 modo

237 3481 437 3536 dicitur
465 3495 525 3535 ac
555 3481 712 3534 virtus
742 3480 875 3532 trina
905 3480 1061 3546 Deus,
1104 3481 1204 3534 nisi
1234 3481 1386 3536 malis
1417 3492 1588 3539 metro
1617 3500 1812 3540 consu-

237 3574 353 3629 lere
383 3574 488 3628 hoc
518 3583 690 3643 pacto,
726 3572 840 3626 Pax
879 3573 978 3626 tria
1003 3589 1198 3627 summa
1229 3574 1384 3644 Deus,
1415 3586 1469 3630 ut
1497 3577 1813 3634 Prudentius

236 3683 390 3723 vers.
419 3683 436 3722 ι
464 3665 684 3735 Apoth.,
718 3665 806 3718 Est
834 3666 931 3719 tria
961 3682 1155 3720 suntma
1183 3665 1340 3722 Deus.

310 3758 441 3813 110.
474 3757 586 3812 Alia
617 3757 777 3811 habet
805 3758 1117 3811 Dracontius
1148 3758 1215 3812 de
1253 3758 1510 3815 Trinitate
1550 3761 1813 3817 catholico

233 3847 480 3918 dogmati
502 3847 740 3917 apprime
768 3847 1172 3902 consentientia.
1207 3848 1293 3903 Sic
1317 3849 1408 3904 lib.
1429 3867 1462 3905 ιι
1495 3852 1559 3906 de
1581 3851 1811 3920 Christo,

233 3957 401 4009 quem
431 3938 595 3994 Deum
623 3949 925 4003 vocaverat,
957 3941 1125 4010 pergit
1157 3941 1336 3998 dicere
1365 3959 1504 4000 vers.
1537 3947 1604 4000 68
1630 3962 1643 3999 :
1732 3951 1734 3954 ’

370 4031 427 4095 Et
453 4043 647 4079 consors
669 4045 774 4095 cum
805 4031 947 4095 Patre
973 4046 1191 4092 manens,
1220 4042 1271 4084 et
1295 4037 1503 4095 Spiritus
1528 4053 1668 4095 unus,

369 4093 515 4142 Trina
539 4100 704 4156 mente
727 4093 876 4151 Deus,
901 4094 1034 4143 Deus
1055 4103 1242 4155 auctor,
1272 4093 1502 4158 temporis
1525 4093 1721 4161 expers.

234 4174 450 4251 Eodem
479 4189 636 4229 sensu
667 4191 772 4244 quo
802 4175 892 4228 lib.
916 4191 930 4228 ι
955 4175 1106 4241 dixit,
1140 4178 1312 4231 Virtus
1339 4185 1473 4234 trina
1495 4180 1652 4246 Deus,
1680 4199 1818 4238 nunc

232 4265 334 4333 ait,
384 4281 516 4317 unus
545 4265 682 4318 trina
725 4276 889 4318 mente
916 4264 1078 4332 Deus,
1127 4278 1180 4323 et
1219 4271 1374 4338 paulo
1414 4284 1538 4327 ante
1582 4290 1721 4328 vers.
1751 4277 1819 4330 65

233 4358 463 4412 dixerat
491 4357 556 4412 de
581 4368 760 4413 mente
790 4358 966 4413 divina
998 4359 1204 4414 Patris:

367 4447 563 4510 Vivida,
585 4449 925 4510 cunctiparens
956 4463 1118 4513 mens,
1143 4452 1526 4514 innumerabilis,
1554 4466 1664 4502 una.

233 4530 453 4585 Deinde
481 4546 604 4585 vero
631 4547 774 4586 vers.
809 4532 875 4588 80
901 4532 968 4586 de
1001 4533 1135 4586 Filio
1161 4552 1173 4586 :

369 4622 708 4690 ljitquepeus
732 4631 842 4690 post
861 4625 1038 4690 templa
1061 4626 1156 4685 poli
1179 4627 1272 4675 sub
1296 4641 1440 4677 carne
1465 4630 1616 4690 figura

370 4684 638 4748 Passibilis,
663 4685 873 4734 mortals
894 4684 1035 4735 hoino
1057 4684 1162 4736 Sine
1187 4690 1281 4737 line
1307 4684 1550 4751 perennis.

229 4765 348 4839 35
379 4765 448 4820 Et
477 4781 658 4821 rursus
687 4783 828 4823 vers.
857 4767 923 4824 89
956 4787 968 4820 :

369 4855 591 4923 Qualiter
611 4870 728 4923 aure
756 4858 1086 4923 Deus,pverbo
1106 4837 1313 4911 fcetante
1325 4864 1513 4923 marito,

371 4917 637 4978 Virgineus
659 4921 864 4969 intrasse
888 4917 1022 4970 sinus
1041 4922 1265 4985 dignatur
1290 4931 1342 4974 et
1365 4917 1541 4976 alvum.

226 5001 430 5070 Pergit
457 5016 596 5055 vers.
619 4999 720 5056 50:

368 5090 493 5155 {iam
512 5093 790 5155 quicunque
814 5095 956 5154 sapit,
983 5096 1112 5141 novit
1139 5095 1248 5154 quia
1268 5096 1336 5141 s'c
1357 5095 1466 5143 ttzlil.
1491 5104 1638 5155 artus,

375 5152 432 5200 Et
456 5151 546 5200 fuit
570 5155 616 5200 in
643 5151 803 5210 terris,
833 5151 884 5202 ut
908 5151 970 5203 ne
989 5151 1190 5202 ca‘les'fe
1215 5155 1422 5203 tribunal

368 5211 655 5280 izinqtteret
664 5214 1005 5275 Omnipotens;
1030 5228 1271 5277 nunquam
1294 5218 1398 5266 sine
1427 5217 1568 5280 Patre
1595 5221 1823 5280 probatus

371 5271 528 5340 [filius
551 5281 596 5322 et
613 5271 828 5340 Genitor
852 5271 1094 5338 nunquam
1115 5271 1222 5326 sine
1246 5281 1449 5338 pignore
1470 5271 1647 5340 dictus,

370 5335 586 5408 Spiritus
611 5338 889 5408 immensus,
913 5335 1125 5406 sanctus,
1154 5335 1324 5408 bonus;
1352 5341 1561 5398 arbiter,
1587 5335 1758 5408 initex,

372 5397 576 5445 Tettius
599 5410 726 5445 unus
745 5398 892 5454 idem,
919 5397 1117 5460 primus,
1141 5401 1330 5448 medius
1349 5413 1428 5462 lue
1454 5397 1700 5462 perennis.

226 5478 452 5535 Eodem
474 5478 568 5532 lib.
599 5478 667 5533 de
691 5479 822 5534 Filio
847 5481 938 5535 Dei
966 5498 980 5535 :

372 5566 520 5641 Solus
543 5569 724 5630 ubique
747 5570 898 5641 Deus,
924 5584 1087 5641 rerum
1113 5572 1234 5629 fons,
1259 5574 1470 5641 conditor
1494 5583 1545 5628 et
1568 5591 1698 5641 spes,

374 5629 514 5696 idem
537 5642 735 5692 semper
759 5633 857 5681 eris
874 5629 998 5692 quod
1023 5642 1072 5696 et
1096 5647 1168 5696 es,
1194 5637 1321 5692 quod
1344 5643 1395 5686 et
1418 5645 1535 5688 ante
1555 5629 1742 5690 t'u'isti'...

374 5692 496 5766 (:‘um
521 5699 688 5766 teAnon
707 5702 942 5766 caperent
964 5695 1092 5766 coeli,
1118 5692 1382 5766 terraeque,
1409 5698 1707 5766 fretumque,

375 5752 526 5802 Aeris
549 5760 599 5803 et
617 5752 842 5814 spatium,
867 5758 1049 5807 modico
1072 5752 1121 5808 te
1143 5752 1293 5809 corde
1312 5752 1506 5816 reponis

1909 1893 2092 1947 laudes
2125 1902 2404 1963 tantopere
2433 1895 2753 1963 celebrasse,
2786 1895 2896 1950 imo
2921 1896 3137 1966 petiisse
3166 1905 3221 1951 ut
3249 1898 3350 1951 vita
3379 1897 3479 1953 sibi

1905 1995 2216 2053 superesset
2248 1986 2312 2039 ad
2343 1985 2686 2041 Gensericum
2711 1989 2948 2058 aliosque
2974 1989 3257 2045 ltaireticos
3286 2006 3316 2046 c
3335 1993 3481 2046 urmi-

1907 2075 2078 2128 nibus.
2109 2076 2223 2129 suis
2275 2076 2663 2144 prmdicandos.
2717 2077 2981 2147 ltapeuim
3032 2089 3149 2134 orat
3205 2080 3255 2134 in
3301 2081 3481 2151 Elegia

1905 2180 2044 2219 "ers.
2078 2165 2150 2218 49
2175 2181 2190 2221 :

2034 2275 2144 2341 ipse
2169 2288 2278 2324 meo
2301 2276 2493 2326 dom'no
2517 2276 2652 2325 Deus
2668 2279 2890 2338 imperat,
2915 2285 3063 2341 atque
3089 2279 3280 2341 iubebit

2095 2336 2156 2386 Ut
2181 2351 2259 2384 me
2285 2340 2509 2401 erszituat.
2535 2336 2860 2400 respiciatque
2886 2336 3010 2401 pius.

2033 2399 2212 2466 Servet
2236 2400 2308 2445 avi
2337 2407 2388 2446 ut
2413 2398 2580 2466 latuies
2602 2398 3102 2466 dicatn,patriasque,
3121 2416 3352 2466 suasque,

2100 2460 2296 2521 Perque
2320 2474 2429 2508 suas
2447 2461 2607 2523 proles
2625 2460 2762 2522 regia
2788 2460 2894 2511 tota
2916 2460 3095 2512 canam;

1911 2565 2022 2636 86
2073 2565 2321 2619 Fortasse
2372 2574 2596 2633 reponet
2635 2565 2826 2636 aliquis
2876 2566 3216 2622 Dracontium
3267 2568 3482 2623 minime

1913 2673 2069 2726 posse
2096 2657 2366 2723 excus;tt'i,
2411 2659 2524 2712 sive
2554 2658 2603 2710 in
2629 2658 2829 2724 Africa,
2861 2659 2972 2714 sit'e
3000 2661 3052 2714 in
3080 2659 3330 2729 Hispania
3352 2661 3484 2716 scri-

1914 2749 2109 2817 pserit;
2143 2765 2266 2802 nam
2293 2748 2617 2802 Guntbarius
2645 2749 2874 2805 Arianus
2917 2759 3060 2816 erat,
3107 2751 3345 2822 adeoque
3375 2767 3483 2806 non

1913 2839 2096 2894 debuit
2125 2855 2150 2892 a
2184 2839 2448 2894 catholico
2480 2837 2592 2893 viro
2625 2847 2701 2894 tot
2744 2839 2804 2893 ac
2839 2841 3033 2896 talibus
3075 2842 3260 2910 elogiis
3301 2857 3482 2896 eumn.

1912 2931 2028 2985 lari.
2061 2931 2317 2985 Examine
2341 2945 2426 2984 res
2459 2929 2570 2984 hinc
2597 2931 2754 3000 digna
2781 2941 2882 2994 est,
2913 2947 3002 2996 an,
3029 2942 3082 2986 ct
3109 2933 3318 3002 quando
3347 2934 3483 2989 Van-

1912 3023 2016 3078 dali
2047 3024 2098 3077 in
2129 3023 2378 3094 Hispania
2409 3023 2659 3078 Arianam
2695 3025 2759 3076 ha
2781 3025 2940 3076 resim
2989 3026 3217 3092 amplexi
3267 3025 3482 3083 fuerint.

1916 3113 2039 3167 Mihi
2086 3127 2213 3166 sane
2261 3122 2501 3182 tempora
2544 3122 2599 3168 et
2637 3115 2910 3168 auctoi'utit
2960 3117 3240 3184 a‘qttaliutn
3288 3119 3484 3188 scripta

1915 3204 2233 3272 expendenti
2265 3204 2483 3259 Vandali
2527 3209 2579 3258 in
2612 3203 2861 3273 Hispania
2908 3205 3157 3261 catholici
3203 3209 3364 3264 fuisse
3410 3211 3524 3265 vi-'

1913 3299 2138 3364 dentur;
2185 3298 2273 3369 qui
2329 3298 2552 3352 fortaSSe
2596 3298 2766 3352 εοιυιῑι
2813 3298 2910 3355 sub
2956 3310 3200 3356 extremo
3246 3312 3487 3372 tempore

1916 3391 2230 3446 Arianorum
2265 3388 2560 3444 Gothor'um
2595 3387 2779 3444 fraude
2807 3390 3012 3460 decepti
3045 3391 3284 3456 fuerunt;
3329 3392 3377 3446 si
3407 3404 3488 3447 ta-
3522 3410 3530 3428 ν

1917 3495 2038 3533 men
2069 3479 2120 3532 in
2151 3479 2397 3546 llispania
2429 3477 2638 3546 decepti
2692 3479 2926 3544 fuerunt,
2974 3489 3028 3535 et
3075 3497 3178 3535 non
3232 3485 3406 3550 potius
3436 3482 3489 3536 in
3522 3499 3530 3532 :

1917 3571 2112 3640 Africn,
2150 3571 2236 3625 ubi
2265 3569 2422 3624 Gothi
2453 3571 2632 3624 Ariani
2674 3586 2808 3642 quos
2836 3571 3139 3628 Bonifacius
3168 3589 3347 3630 secum
3387 3577 3490 3630 dn-
3517 3592 3528 3626 t

1915 3671 2087 3729 xerat,
2126 3664 2336 3716 vivente
2380 3661 2554 3716 adhuc
2593 3662 2651 3716 S.
2693 3663 3009 3731 Augustino,
3043 3665 3288 3720 ba'resim
3338 3683 3489 3721 suam
3523 3705 3531 3724 ς

1917 3753 2022 3807 late
2063 3768 2315 3822 spargere
2363 3765 2658 3821 cautelam.
2710 3753 2930 3807 Orosius
2983 3756 3033 3807 in
3070 3755 3247 3810 Africa
3276 3757 3489 3826 quidem
3525 3788 3531 3805 ε

1917 3846 2139 3916 degens,
2173 3845 2265 3900 sed
2300 3841 2564 3912 llispanus
2600 3847 2737 3914 ipse,
2769 3855 2822 3899 et
2845 3861 2984 3898 anno
3013 3847 3118 3900 MO
3149 3847 3363 3901 circiter
3393 3848 3490 3902 de-
3521 3861 3529 3894 i-

1917 3939 2160 3992 scribens
2187 3953 2304 4006 qua:
2332 3938 2382 3992 in
2415 3936 2662 4003 Hispania
2693 3947 3022 4006 gererentur,
3050 3939 3117 3992 de
3145 3938 3490 3994 barbarorum

1917 4028 2198 4084 clementia
2249 4037 2301 4081 et
2353 4026 2632 4096 religione,
2679 4030 2916 4097 rxi'eptis
2953 4029 3160 4096 Gothis,
3212 4042 3347 4098 quos
3389 4037 3492 4086 rion

1922 4123 2182 4192 nominat,
2209 4120 2310 4175 hoc
2337 4119 2512 4174 reddit
2539 4121 2901 4176 lestiumuinm
2924 4138 2936 4173 :
2962 4121 3264 4190 Quanquam
3303 4133 3348 4176 et
3387 4133 3496 4192 post

1923 4215 2015 4264 hoc
2043 4227 2242 4282 quoque
2270 4211 2510 4264 continuo
2540 4211 2741 4264 barb‘ari
2764 4209 3010 4265 exserit-ti
3040 4212 3237 4281 gladios
3279 4229 3396 4266 suos
3430 4214 3504 4266 ad

1920 4311 2096 4354 aratra
2130 4302 2357 4354 conversi
2395 4311 2541 4360 sunt,
2585 4302 2911 4371 residuosqne
2940 4300 3193 4354 Romanos
3239 4311 3288 4352 ut
3334 4303 3498 4354 socios

1922 4394 2070 4446 modo
2106 4402 2150 4446 et
2185 4393 2373 4444 amicos
2406 4393 2590 4458 fovent,
2636 4403 2687 4446 ut
2729 4393 3047 4445 inveniantur
3085 4396 3198 4461 jam
3239 4394 3369 4446 inter
3415 4409 3498 4445 eos

1924 4485 2129 4553 quidam
2166 4483 2381 4536 Romani
2419 4483 2502 4544 qui
2551 4484 2728 4536 malint
2779 4485 2912 4536 inter
2957 4483 3196 4537 barbaros
3225 4499 3498 4554 pauperem

1930 4579 2228 4638 libertatem,
2263 4594 2413 4644 quam
2445 4578 2571 4630 intrr
2595 4577 2852 4631 Romanos
2883 4579 3203 4632 tributariam
3247 4579 3498 4632 sollicitu-

1930 4671 2098 4722 dinem
2138 4672 2400 4724 sustinere.
2436 4669 2739 4735 Quanquam
2775 4671 2819 4723 si
2862 4670 2921 4723 ob
2954 4671 3049 4722 hoc
3084 4671 3251 4724 solum
3297 4670 3502 4724 barbari

1933 4760 2174 4814 Romanis
2197 4761 2380 4824 finibus
2413 4760 2622 4812 immissi
2652 4765 2836 4828 forent,
2880 4762 3016 4830 quod
3038 4761 3186 4834 vulgo
3214 4777 3302 4832 per
3325 4762 3504 4815 Orien-

1929 4861 2026 4905 tem
2067 4861 2110 4904 et
2145 4850 2462 4905 Occidentem
2488 4849 2728 4904 Ecclesia:
2773 4852 2961 4905 Clariin
3009 4851 3237 4917 IIunnt's,
3294 4853 3499 4918 Suavis,

1943 4943 2183 4995 tandaIis
2211 4953 2255 4995 et
2287 4941 2752 5010 Burgundionibus,
2785 4944 3092 5008 diversisque
3140 4954 3186 4999 et
3223 4946 3502 5006 innumeris

1925 5035 2240 5087 credentium
2269 5033 2471 5102 papulis
2502 5034 2786 5101 replentur;
2831 5035 3092 5088 laudanda
3122 5044 3168 5089 et
3219 5035 3505 5090 attollenda

1932 5123 2022 5177 Dei
2064 5123 2406 5177 misericordia
2449 5122 2703 5177 videretur
2728 5139 2747 5176 :
2783 5125 3194 5194 quandoquidem
3244 5127 3340 5179 etsi
3388 5142 3502 5178 cum

1925 5215 2262 5284 labefactione
2306 5214 2468 5267 nostri
2509 5224 2665 5268 tanta:
2705 5226 2875 5285 gentes
2928 5218 3238 5285 agnitionem
3283 5217 3506 5271 veritatis

1926 5305 2233 5375 acciperent,
2259 5321 2413 5373 quam
2445 5305 2662 5358 invenire
2679 5305 2853 5374 utique
2876 5305 2975 5357 nisi
2994 5305 3088 5358 hac
3112 5309 3376 5360 occasione
3406 5322 3507 5360 non

1931 5405 2156 5463 possent.
2189 5395 2242 5448 Id
2275 5394 2345 5448 ita
2373 5395 2438 5449 ab
2461 5395 2651 5450 Oresio
2676 5396 2975 5464 expositum
3007 5396 3325 5451 catholicam
3349 5395 3532 5458 ﬁdem,

1933 5486 2292 5541 Vnmlalnrum
2325 5489 2516 5542 saltem
2546 5487 2774 5542 maxima
2803 5504 2866 5542 ex
2892 5499 3043 5557 parte
3073 5489 3293 5546 indicat.

2011 5576 2130 5629 H2.
2168 5576 2368 5630 Eodem
2397 5587 2641 5644 tempore
2671 5577 2723 5631 in
2752 5577 3003 5647 Hispania
3032 5579 3244 5635 vivebat
3279 5579 3518 5652 ldacius,

1932 5675 1982 5720 et
2019 5667 2068 5719 iu
2099 5665 2351 5720 Callaecia
2383 5667 2622 5735 quidem,
2671 5667 2759 5723 ubi
2809 5667 2899 5722 diu
2944 5668 3259 5723 commorati
3302 5667 3511 5723 fuerunt

1938 5757 2168 5814 Vandali
2215 5758 2311 5815 sub
2341 5758 2640 5816 Gunthario
2669 5773 2812 5828 rege.
2846 5759 2895 5818 ls
2925 5759 3351 5824 cumGtmtharii
3382 5759 3509 5818 infe-
