3994 6290
1507 339 2034 396 PROLEGOME‘NA.

3293 341 3395 401 662

171 461 320 527 longe
350 455 521 525 major
554 462 666 520 est,
709 453 1000 524 praesertim
1042 451 1342 525 arcedenq
1373 451 1573 506 Isidoro
1595 493 1608 515 ,
1641 451 1728 519 qui
1759 455 1808 511 -A
1839 451 2288 517 Satist'actimem,
2315 451 2560 507 licentius
2580 450 2978 522 corrigerentet
2999 452 3393 523 interpolarent.

174 548 342 604 ldacio
381 546 587 615 aliquid
624 544 804 611 addit,
841 558 909 598 ex
945 544 1066 599 aliis
1102 543 1306 600 scilicet
1352 546 1734 612 monumentis,

1840 544 1897 598 ld
1922 559 1988 598 an
2013 544 2080 597 ab
2104 543 2218 597 aliis
2248 544 2418 612 aliqua
2449 559 2513 598 es
2550 552 2696 612 parte
2725 543 2917 598 factum
2959 545 3118 600 fuerit
3142 554 3263 602 ante
3293 545 3400 602 Eu-

173 649 258 690 aut
279 650 346 689 ex
376 634 661 690 traditione
690 633 916 702 Hispali,
943 633 1034 689 ubi
1063 633 1352 704 episcopus
1371 633 1486 704 ipse
1515 641 1632 690 erat
1661 635 1736 688 vi-
1805 676 1809 680 .
1837 636 2052 702 genium
2085 633 2428 700 Toletanum,
2469 634 2693 689 delinire
2733 650 2838 689 non
2883 636 3074 690 ausim.
3107 635 3264 692 Certe
3290 637 3400 706 jam

174 735 346 797 gente.

247 819 367 872 ll6.
397 816 637 872 Infamia
669 815 946 872 Curabat-ii
975 831 1004 870 a
1030 817 1272 872 damone
1296 817 1547 886 correpti,
1577 826 1630 873 et
1658 819 1739 872 in-

178 909 400 964 feliciter
449 910 698 964 exstincti
744 910 969 964 accessit
1020 911 1307 965 crudelitas
1360 911 1633 966 Ccnserici
1685 911 1738 966 in

179 1000 352 1056 Africa
375 999 666 1055 catholicos
694 1001 956 1065 vexantis,
977 1011 1031 1056 et
1059 1003 1236 1070 plures
1263 1001 1392 1056 alias
1418 1002 1739 1070 provincias,

183 1092 485 1161 llispaniam
508 1093 666 1147 etiam
707 1105 768 1146 ac
796 1093 1016 1147 Romam
1045 1094 1212 1161 ipsam
1241 1095 1613 1164 depraedanzis.
1651 1097 1742 1150 llis

180 1183 244 1238 de
267 1184 445 1238 causis
478 1185 691 1252 Hispani
726 1185 988 1240 Vandalos
1028 1186 1319 1242 abominari
1366 1187 1593 1256 odioque
1625 1204 1743 1256 [rn-

179 1275 323 1343 sequi
368 1274 687 1330 debuerunt.
724 1276 1078 1345 Quamobrem
1117 1279 1295 1332 mirari
1322 1279 1462 1332 subit
1502 1279 1589 1347 qui
1632 1279 1742 1334 lii-ri

180 1365 348 1432 putuit
375 1376 432 1419 ut
464 1367 792 1420 nobilissima
821 1367 1088 1437 Hispaniae
1115 1371 1387 1437 provincia
1418 1370 1612 1424 Baetica
1638 1371 1747 1442 90

181 1469 297 1510 cum
335 1457 517 1527 aliquo
545 1473 735 1527 nempe
771 1459 957 1514 finium
985 1471 1229 1514 veterum
1256 1471 1310 1515 et
1335 1463 1628 1516 recentium
1659 1463 1743 1516 di-

183 1546 430 1614 scrimine
466 1563 496 1602 a
521 1548 770 1604 Vandalis
800 1565 991 1605 nomen
1020 1551 1351 1605 Vandalusia:
1378 1554 1702 1608 conservarit
1730 1573 1743 1608 :

182 1639 224 1694 si
257 1650 434 1696 tamen
472 1641 571 1695 hoc
597 1657 793 1696 nomen
828 1657 1059 1710 unquam
1086 1643 1285 1696 habuit.
1321 1643 1634 1711 Pervulgata
1666 1654 1748 1698 est

183 1730 294 1786 brec
317 1733 504 1799 Opinio
527 1733 800 1786 hominum
831 1735 989 1787 etiam
1020 1734 1466 1796 doctissimorum,
1499 1735 1746 1789 Bmtieam

1839 725 1898 781 S.
1943 723 2127 780 laldOl‘i
2167 733 2406 793 tempore
2445 739 2567 793 pars
2607 727 2761 795 primi
2803 726 2946 788 libri,
2989 742 3107 796 qua:
3135 728 3201 782 de
3227 728 3288 796 0,
3309 743 3404 784 ere

1841 832 1934 872 sex
1959 818 2164 872 d'erum
2200 818 2450 886 inscripta
2479 817 2597 885 fuit,
2631 832 2660 870 a
2683 818 2884 887 reliquo
2912 834 3134 887 corpore
3161 829 3404 886 separata

1841 917 1986 972 erat,
2023 916 2077 961 et
2111 909 2178 960 ab
2214 907 2400 960 eodem
2449 907 2650 962 Isidoro
2691 908 3095 975 corruptissime
3135 909 3407 978 legebatur

1845 1013 2030 1054 versus
2056 998 2268 1068 quidam
2302 999 2455 1067 primi
2495 998 2650 1067 li'ujus
2679 999 2830 1063 libri,
2867 1009 2922 1053 ut
2966 1001 3141 1054 notavi
3177 1017 3323 1055 num.
3352 1003 3406 1056 7.

1846 1087 2114 1160 Eugenius
2138 1086 2544 1142 Chindasuinthi
2574 1088 2712 1158 regis
2734 1089 2882 1157 jussu
2913 1090 3119 1145 libellos
3139 1091 3409 1146 Dracontii

1845 1182 1908 1236 de
1936 1182 2198 1237 Creatione
2225 1181 2404 1234 mundi
2429 1183 2781 1251 conscriptos,
2823 1192 2881 1235 ut
2921 1183 3152 1253 loquitur
3184 1185 3241 1241 S.
3271 1185 3410 1240 llde-

1849 1274 2048 1339 fonsus,
2080 1273 2314 1342 suscepit
2343 1271 2724 1327 emendandos.
2754 1273 2806 1328 ιη
2836 1273 3074 1328 versibus
3100 1276 3184 1344 qui
3209 1277 3271 1330 ad
3303 1279 3412 1346 pri-

1847 1381 1989 1421 ntum
2021 1366 2209 1420 librum
2245 1364 2309 1417 du:
2343 1365 2451 1419 Deo
2480 1364 2764 1434 pertinent,
2800 1364 3067 1419 nonnulla:
3097 1367 3414 1422 mutationes

1852 1458 2000 1512 facta:
2028 1465 2172 1524 sunt,
2205 1456 2298 1510 sed
2328 1471 2431 1509 non
2469 1455 2755 1509 admodum
2789 1455 3114 1525 frequentes,
3147 1473 3317 1526 neque
3344 1459 3414 1512 ita

1851 1552 2025 1620 magni
2058 1553 2332 1614 momenti,
2366 1559 2424 1603 ut
2452 1559 2692 1603 nostrum
2732 1549 2970 1603 codicem
3013 1565 3133 1604 cum
3171 1545 3416 1606 Sirmon-

1850 1641 2007 1695 diano
2035 1638 2328 1694 conferenti
2373 1638 2590 1707 patebit.
2621 1639 2674 1693 lu
2705 1641 2929 1708 cpistola
2974 1641 3271 1710 praesertim
3314 1641 3418 1695 Eu-

1850 1731 2036 1802 genius
2070 1745 2130 1785 ea
2167 1729 2374 1784 videtur
2419 1728 2608 1785 fecisse
2637 1746 2754 1799 qua:
2795 1731 2846 1784 in
2891 1747 2984 1784 sua
3017 1733 3324 1798 pra-latione
3352 1732 3418 1788 ad

184 1836 320 1876 nunc
355 1822 464 1876 dici
501 1823 822 1887 Andalusia,
869 1825 992 1893 quia
1034 1826 1161 1878 olim
1193 1839 1223 1878 a
1255 1825 1502 1878 Vandalis
1537 1825 1744 1880 Vanda-
1784 1817 1826 1874 Β
1853 1835 2031 1891 regem
2055 1820 2534 1874 Chindasuintlium
2559 1829 2757 1883 narrat,
2781 1823 3040 1889 super/luo
3068 1837 3122 1875 se
3149 1822 3418 1893 dempsisse

183 1915 324 1968 lusit:
351 1930 546 1970 nomen
579 1916 819 1983 accepit:
853 1932 1150 1987 quanquam
1182 1918 1267 1970 alii
1297 1918 1604 1971 Vanlaliam
1632 1935 1747 1972 eam

182 2004 473 2072 appellant,
501 2005 590 2058 alii
627 2004 998 2072 Vandalitiam,
1031 2008 1120 2060 alii
1155 2007 1541 2062 Vaudalosiam.
1568 2008 1748 2063 Vidcri

188 2093 280 2148 bac
300 2095 368 2149 de
391 2112 451 2150 re
474 2107 692 2165 possunt
712 2097 1002 2154 Rodcrieus
1022 2100 1453 2168 archiepiscopus
1466 2101 1750 2155 Toletauus

187 2185 316 2241 llist.
355 2185 577 2242 Vandal.
608 2201 726 2256 cap.
781 2186 874 2252 12,
903 2200 955 2243 et
996 2192 1083 2258 qui
1120 2205 1241 2244 eum
1285 2191 1450 2244 secuti
1483 2191 1746 2257 videntur,

185 2277 481 2335 Bodericus
516 2281 760 2335 Sanctius
798 2281 864 2335 de
902 2282 1130 2336 Arevalo
1168 2283 1302 2336 Hist.
1353 2283 1500 2352 llisp.
1534 2293 1667 2353 part.
1703 2302 1749 2350 ι,

183 2381 299 2436 cap.
345 2369 416 2430 7;
472 2367 833 2423 Nebrissensis
881 2373 934 2423 in
961 2362 1266 2439 'prolegom.
1299 2373 1364 2426 ad
1405 2373 1602 2427 Decad.
1645 2391 1749 2428 rer.

184 2468 316 2526 gest.
352 2458 570 2514 Ferdin.
607 2470 659 2514 et
697 2460 926 2525 Elisab.;
959 2461 1174 2517 \‘asaeus
1214 2464 1266 2518 in
1315 2465 1511 2518 Chi-on.
1539 2480 1656 2534 cap.
1691 2468 1751 2530 8;

186 2552 416 2605 Mariana
443 2552 535 2606 lib.
562 2569 578 2605 ι
604 2553 737 2607 llist.
766 2553 935 2620 llisp.,
963 2569 1079 2623 cap.
1101 2555 1165 2618 4;
1197 2556 1506 2610 Ambrosius
1531 2558 1756 2610 Murales

186 2641 276 2696 lib.
301 2660 354 2696 XI
381 2644 542 2710 llist.,
573 2660 689 2713 cap.
714 2644 798 2710 15,
817 2657 872 2700 ιιι
900 2645 1240 2716 Vollgangum
1260 2647 1754 2707 Lazium.Crotium

183 2735 424 2803 aliosque
454 2737 715 2790 omittam.
760 2736 1016 2805 Equidem
1049 2747 1254 2792 veteres
1303 2740 1590 2807 striptores
1630 2739 1755 2794 dum

186 2824 456 2891 perlustro
485 2825 574 2893 qui
604 2843 631 2877 a
667 2826 1021 2880 Vandalorum
1054 2837 1291 2895 tempore
1336 2829 1397 2881 ad
1431 2829 1577 2897 plura
1608 2831 1758 2884 deiu-

184 2931 308 2985 ceps
355 2919 738 2987 consequentia
767 2919 957 2971 sarcula
991 2920 1268 2984 vixerunt,
1303 2934 1517 2986 semper
1548 2923 1757 2977 invenio

188 3008 320 3060 hanc
363 3010 689 3077 provinciam
739 2990 1087 3064 Bmticamlah
1133 3013 1210 3065 eis
1248 3012 1446 3074 vocari,
1491 3028 1756 3082 nunquam

193 3095 586 3161 Vandalusiam,
630 3108 721 3152 aut
763 3099 869 3152 alio
909 3103 1121 3155 nomine
1157 3117 1184 3153 a
1210 3101 1466 3156 Yandalis
1509 3104 1753 3172 repetito.

183 3187 504 3243 Scribebant
547 3189 620 3242 illi
652 3190 863 3258 quidem
895 3190 1098 3254 Latine,
1128 3192 1222 3245 sed
1253 3209 1370 3246 cum
1399 3193 1500 3246 alia
1533 3195 1696 3248 multa
1725 3210 1755 3249 e
1783 3171 1830 3231 C

185 3281 387 3349 vu'gari
429 3297 678 3337 sermone
711 3284 968 3338 vocabula
1008 3293 1309 3354 sumerent,
1341 3286 1559 3342 diflicile
1587 3295 1669 3341 est
1698 3298 1757 3342 ut

185 3385 460 3440 nunquam
496 3371 864 3426 l’andalusiam
895 3377 1251 3440 nominarent,
1285 3377 1544 3447 siquidem
1573 3393 1634 3433 ea
1661 3393 1758 3448 ap~

185 3460 408 3528 pellaiio
433 3476 529 3515 usu
553 3475 762 3532 recepta
786 3473 915 3517 erat.
939 3466 1000 3518 Et
1030 3465 1320 3522 ltodericus
1338 3468 1549 3536 quidem
1580 3469 1759 3525 archi-

183 3554 474 3622 episcOpus
512 3555 799 3610 Toletanus
841 3559 943 3612 loc.
994 3559 1087 3614 cit.
1135 3575 1163 3613 a
1208 3561 1456 3615 Vaudalis
1505 3561 1760 3632 Silinguis

185 3645 451 3714 originem
477 3649 702 3702 nominis
733 3666 804 3712 re,
827 3652 958 3706 etit:
989 3653 1114 3718 Qua:
1138 3655 1294 3725 regio,
1322 3654 1514 3724 inquit,
1542 3672 1572 3709 a
1598 3657 1760 3711 Siliu-

183 3739 295 3806 guis
327 3737 580 3792 Vandalis
607 3741 775 3793 adhuc
801 3741 948 3796 hodie
970 3743 1220 3797 Vundalia
1247 3756 1588 3814 nuncupatur,
1611 3763 1762 3815 quant

185 3828 536 3882 Andaluzimn
567 3843 808 3900 corrupto
837 3835 1080 3889 vocabulo
1111 3837 1384 3906 uulgariter
1422 3840 1760 3908 appellamus.

184 3923 526 3979 Vocabulum
558 3941 684 3995 ergo
715 3926 1000 3982 Andaluzia
1034 3929 1254 3998 Vulgare
1279 3930 1389 3999 jam
1419 3942 1534 3986 erat
1565 3932 1764 3986 szrculo

183 4030 300 4081 xttt,
326 4031 439 4084 quo
473 4016 737 4071 scribebat
757 4017 1070 4083 Rodericus,
1094 4029 1384 4089 sumptum.
1408 4030 1463 4074 ut
1493 4036 1596 4074 non
1629 4022 1764 4076 male

182 4107 407 4174 conjicit
433 4106 706 4161 Florezius
738 4119 867 4162 tom.
893 4109 962 4162 IX
993 4109 1318 4179 llisp.sacr.,
1346 4119 1500 4166 tract.
1527 4112 1614 4176 28,
1643 4127 1761 4180 cap.

183 4200 236 4265 ι,
270 4215 296 4251 a
333 4215 473 4254 voce
508 4201 730 4254 Arabica
774 4201 1030 4266 Andalos,
1063 4219 1180 4270 qua:
1226 4220 1336 4258 rem
1375 4205 1763 4260 occidentalem

178 4291 484 4361 signiﬁcat.
521 4293 610 4354 Et,
651 4302 708 4346 ut
747 4295 983 4360 videtur,
1026 4295 1252 4362 primunt
1291 4297 1580 4351 Attdaluzia
1623 4301 1766 4351 diee-

181 4382 347 4434 batur
390 4389 502 4434 tota
549 4381 830 4450 llispania,
862 4384 944 4437 vel
977 4399 1162 4438 omnes
1190 4385 1294 4439 illa:
1335 4387 1618 4452 provinciaz
1647 4403 1765 4457 qum

177 4486 210 4524 a
251 4470 464 4524 Mauris
502 4471 851 4536 tenebantur;
891 4473 1083 4527 deinde
1124 4474 1224 4528 huc
1261 4490 1451 4528 nomen
1499 4475 1651 4529 Inest
1689 4477 1761 4530 i'li

179 4561 486 4630 provinciae
509 4577 626 4630 qua:
651 4563 776 4616 olim
806 4563 914 4618 fere
941 4564 1132 4619 Baetica
1160 4574 1292 4630 erat,
1314 4576 1365 4620 et
1398 4568 1446 4618 in
1476 4581 1575 4636 qua
1597 4568 1763 4622 Mauri

176 4653 396 4706 diutius
427 4655 794 4709 constiterunt.
819 4655 1136 4710 Abnnazarii
1166 4666 1337 4711 exstat
1363 4658 1426 4710 de
1449 4658 1647 4712 Studiis
1677 4676 1768 4725 pa-

178 4747 296 4813 puti
325 4745 648 4812 Andaluatw,
679 4748 779 4802 hoc
805 4756 888 4803 est
925 4749 1188 4818 llispaniae
1216 4749 1476 4814 Arabicae,
1505 4764 1683 4804 rarum
1714 4761 1769 4806 et

173 4832 418 4888 inventu
469 4835 683 4892 diflicile
735 4852 889 4906 opus.
937 4838 1166 4892 Consule
1210 4837 1326 4892 Nic.
1377 4844 1663 4894 Antonium
1713 4841 1766 4896 iu

176 4942 210 4994 p
243 4925 348 4979 :ef.
389 4925 456 4978 ad
491 4927 647 4990 Bibl.,
692 4937 746 4983 et
787 4929 840 4982 in
880 4928 1132 4983 Biblioth.
1165 4929 1574 5002 Arabico-llisp.
1606 4933 1769 4988 verbo

174 5019 297 5069 Aw
359 5011 566 5068 Cuartu
606 5016 971 5082 Aumwsms,
1016 5019 1102 5072 ubi
1137 5019 1285 5087 plura
1323 5021 1390 5075 de
1425 5021 1528 5076 hoc
1558 5023 1771 5078 nomine

1854 1916 1933 1984 (ut
1957 1918 2069 1984 ipse
2088 1913 2344 1983 putabat),
2367 1913 2645 1982 semiplena
2674 1915 2999 1984 supplevisse,
3031 1919 3194 1985 fracta
3220 1924 3418 1971 conata.

1852 2006 2087 2067 bilivisse,
2119 2003 2289 2057 crebro
2317 2004 2529 2074 repetita
2559 2013 2796 2066 mutasse,
2822 2005 3092 2058 t'ersicnlos
3121 2007 3420 2072 detraxisse,

1852 2095 1937 2162 qui
1968 2104 2013 2148 et
2041 2111 2187 2147 sensu
2212 2095 2387 2163 tepidi,
2419 2103 2468 2147 et
2492 2094 2649 2146 verbis
2678 2095 2895 2163 illepidi,
2924 2104 2968 2146 et
2997 2095 3138 2147 nulla
3165 2107 3308 2149 erant
3336 2114 3420 2150 ra.

1853 2187 1984 2239 tione
2011 2185 2234 2253 subnixi,
2272 2186 2324 2238 in
2362 2185 2541 2255 quibus
2569 2184 2700 2240 nihil
2729 2186 3069 2255 reperiebatur
3097 2203 3194 2256 quo
3225 2188 3419 2241 lectoris

1852 2276 2051 2330 animus
2082 2286 2168 2329 aut
2209 2275 2512 2329 mulceretur
2541 2274 2735 2341 doctus,
2768 2285 2855 2328 aut
2885 2276 3148 2330 doceretur
3171 2277 3421 2332 indoctus.

1855 2368 1995 2422 Nihil
2029 2378 2203 2421 autem
2236 2367 2383 2437 prius
2414 2365 2600 2421 habuit
2633 2366 2926 2436 Eugenius,
2960 2367 3074 2420 sive
3111 2367 3244 2420 alius
3277 2368 3422 2437 (nam

1856 2461 2081 2514 f..rtasse
2106 2467 2227 2514 ante
2265 2459 2346 2514 vel
2376 2469 2493 2527 post
2521 2459 2814 2526 Eugenium
2845 2461 2980 2512 alius
3011 2457 3109 2512 fuit
3136 2460 3421 2528 interpola~

1857 2550 1982 2618 tor).
2007 2563 2164 2618 quam
2198 2559 2254 2602 ut
2286 2550 2595 2603 mcmoriam
2631 2565 2846 2603 omnem
2886 2550 3026 2618 regis
3061 2550 3422 2605 Vandalorum

1857 2639 2065 2705 penitus
2088 2638 2669 2709 aboleret,versusque
2702 2639 2820 2694 illos
2849 2640 3118 2695 omitteret
3146 2657 3207 2696 ex
3234 2641 3422 2711 quibus

1857 2732 2066 2785 occasio
2104 2745 2206 2799 qua
2251 2730 2448 2799 scripta
2499 2730 2596 2785 fuit
2631 2730 2928 2786 Satisfactio
2974 2733 3172 2802 percipi
3223 2743 3420 2802 posset.

1857 2822 1990 2876 llinc
2023 2819 2366 2889 przetcrmissi
2395 2823 2614 2875 omnino
2635 2828 2761 2875 sunt
2788 2820 2841 2874 hi
2874 2834 3060 2874 versus
3085 2837 3100 2874 :

2042 2959 2262 3008 Nominis
2287 2958 2515 3021 Asdingui
2537 2959 2662 3008 bella
2687 2960 3070 3019 lriumphigera..

1978 3022 2176 3081 Servet,
2201 3021 2274 3067 avi
2296 3027 2350 3070 ut
2373 3020 2543 3083 laudes
2560 3023 2732 3082 dicam,
2755 3022 3047 3083 patriasque,
3077 3020 3303 3083 tussiue;

2043 3080 2239 3144 Perque
2262 3095 2373 3130 suas
2393 3080 2554 3144 proles
2576 3080 2844 3145 regia'vota
2863 3080 3044 3130 canam.

1933 3214 2056 3270 118.
2101 3214 2288 3270 Dedita
2337 3213 2496 3269 etiam
2528 3227 2685 3283 opera
2733 3213 2984 3283 postremi
3037 3211 3423 3268 Satisfaetionis

1859 3321 2047 3362 versus
2078 3306 2259 3360 omissi
2302 3305 2578 3371 videntur,
2623 3305 2815 3374 quibus
2863 3319 3117 3358 aerumnae
3157 3304 3423 3359 Dracontii

1860 3399 2058 3453 clarius
2095 3396 2497 3460 describuntur,
2545 3395 2851 3464 factumque
2893 3394 3018 3449 illud
3069 3402 3315 3449 narratur
3358 3410 3424 3452 ex

1859 3504 1966 3560 quo
2010 3496 2217 3543 veteres
2266 3501 2447 3558 regem
2497 3485 2584 3556 qui
2636 3484 2953 3540 laudabatur
2999 3493 3218 3554 possent
3263 3499 3426 3556 agnos

1860 3595 2009 3636 scere
2035 3595 2050 3632 ζ

1983 3717 2193 3770 Iuclvtns
2217 3718 2526 3777 armipotens.
2554 3723 2729 3766 vestra;
2749 3719 2944 3778 pietatis
2962 3729 3002 3765 0:
3019 3719 3116 3778 igo,

2045 3780 2152 3849 92
2176 3786 2231 3834 Et
2253 3787 2437 3842 doctus,
2465 3787 2610 3849 genio
2633 3789 2827 3849 pronior
2849 3788 2906 3849 ad
2932 3791 3142 3845 veniam,

1987 3848 2090 3896 Non
2120 3848 2296 3895 homini
2322 3851 2538 3908 Ignosco,
2569 3848 2709 3904 dixit,
2737 3848 2823 3908 sed
2849 3848 3012 3908 lingua
3039 3856 3262 3897 meretur
3288 3862 3299 3895 :

2049 3909 2139 3958 llic
2166 3921 2288 3974 reus.
2303 3907 2362 3957 et
2373 3908 2498 3956 docti
2519 3922 2542 3956 s
2568 3907 2870 3956 Vineomalus
2893 3907 3068 3957 fuerat.

1864 4037 1978 4092 Non
2018 4046 2193 4093 tamen
2235 4038 2472 4109 Eugenio
2510 4038 2877 4107 imputaverim
2917 4039 3058 4109 quod
3096 4039 3306 4095 ti.ulum
3335 4041 3432 4095 Sa-

1866 4128 2200 4196 tisfaCIinnis,
2232 4130 2381 4200 quasi
2411 4129 2476 4184 ad
2505 4112 2862 4186 Theodosium
2895 4129 3166 4185 Juniorem
3198 4132 3432 4200 scriptae,

1867 4223 1979 4290 ipse
2008 4223 2365 4292 supposuerit,
2397 4223 2559 4292 priori
2589 4223 2936 4290 inscriptione
2963 4223 3135 4279 deleta
3167 4239 3266 4291 qua
3293 4225 3447 4293 regis.

1869 4313 2230 4367 Vandalorum
2277 4328 2471 4368 nomen
2515 4328 2825 4377 expressum
2868 4324 3022 4380 erat;
3079 4332 3248 4384 neque
3291 4318 3434 4370 enim

1868 4403 2082 4458 credam
2100 4404 2270 4458 virum
2297 4404 2518 4470 probum
2543 4405 2885 4474 veritatisque
2909 4407 3206 4460 studiosum
3232 4416 3432 4460 tantum

1868 4493 1967 4548 sibi
1991 4509 2286 4562 arrogasse.
2306 4493 2408 4549 Aut
2429 4495 2589 4564 igitur
2611 4495 2721 4565 ipse
2745 4496 3001 4565 ignoravit
3023 4497 3230 4550 cuinam
3254 4498 3433 4552 laudes

1868 4584 2103 4655 epistola:
2129 4585 2450 4650 dicerentur,
2469 4595 2521 4639 et
2549 4601 2612 4640 ex
2643 4586 2938 4654 temporum
2973 4587 3175 4640 ratione
3205 4589 3434 4656 coniecit

1869 4683 2294 4739 Satisfactionem
2327 4685 2390 4738 ad
2425 4687 2800 4753 imperatorem
2841 4687 2988 4740 Theo
3011 4687 3200 4740 losium
3251 4687 3435 4743 Junio~

1869 4791 1981 4830 rem
2014 4776 2224 4842 referri,
2250 4785 2359 4842 aut,
2393 4777 2533 4847 quod
2565 4778 2742 4833 verius
2773 4787 2920 4846 pulo,
2952 4780 3173 4848 elegiam
3202 4781 3318 4836 sine
3357 4783 3440 4835 in-

1870 4869 2156 4938 scriptione
2196 4869 2311 4938 ipse
2358 4862 2588 4936 dimisit,
2629 4873 2713 4926 cui
2761 4870 2849 4924 alii
2888 4882 3066 4940 postea
3113 4888 3233 4926 eum
3278 4889 3434 4943 quem

1873 4977 2012 5016 nunc
2044 4961 2181 5030 apud
2211 4962 2546 5016 Sirmondum
2587 4962 2828 5032 legimus,
2864 4978 2927 5016 ex
2956 4965 3258 5028 conjectura
3287 4963 3434 5018 addi-

1875 5049 2066 5106 derunt
2099 5052 2330 5106 titulum.
2356 5052 2590 5106 Aliarum
2619 5053 2817 5105 mutati:
2843 5068 2966 5106 num
2999 5067 3115 5120 qua:
3142 5053 3194 5106 in
3225 5061 3435 5108 sentem

171 5107 456 5176 disputat,
481 5119 533 5162 et
565 5109 870 5178 opinionem
897 5111 1170 5180 vulgarem
1198 5113 1391 5183 rejieit,
1419 5115 1560 5185 quod
1589 5117 1770 5170 Anda-

172 5200 335 5254 lusia
363 5214 391 5250 a
417 5199 670 5255 V'andalis
699 5203 835 5255 dicta
870 5201 1049 5256 fuerit.

248 5294 376 5364 91
402 5293 521 5346 117.
549 5293 678 5348 Utut
705 5295 754 5348 id
785 5305 888 5362 est,
913 5296 1156 5366 ilispauis
1183 5295 1496 5368 Gothisqne,
1524 5300 1611 5369 qui
1639 5299 1774 5354 Van‘

170 5383 443 5438 dalorum
483 5384 661 5440 hostes
691 5383 918 5452 fuerant,
952 5388 1244 5456 praesertim
1276 5399 1554 5460 postquam
1583 5390 1637 5445 bi
1665 5392 1768 5446 imo

167 5475 456 5542 pietatem
487 5475 736 5529 Arianam
777 5476 1111 5545 ejuraveranl
1133 5520 1146 5543 ,
1182 5480 1397 5535 minime
1437 5482 1648 5550 placere
1680 5497 1774 5549 po-

170 5572 375 5619 terant
412 5564 594 5620 laudes
629 5567 819 5635 quibus
864 5568 1190 5626 Guntharius
1220 5587 1247 5626 a
1289 5573 1570 5628 Dracontio
1600 5574 1774 5630 fuerat

161 5653 523 5712 cumulatus.
566 5656 661 5726 Et,
705 5659 801 5714 nisi
849 5662 1068 5715 nimium
1110 5662 1288 5730 fallor,
1333 5663 1447 5719 bzec
1483 5680 1642 5720 causa
1674 5664 1772 5722 fuit

166 5747 473 5806 noritiu'lis
513 5764 609 5804 cur
653 5751 916 5808 Dracontii
960 5767 1228 5822 poemata,
1264 5757 1595 5824 potissimum
1641 5773 1770 5814 vero

1877 5141 1963 5196 tiis
1982 5141 2135 5196 aliter
2155 5157 2214 5195 ac
2246 5144 2358 5211 ipse
2383 5154 2568 5196 auctor
2588 5141 2754 5197 voluit
2775 5141 3099 5210 explicandis
3120 5143 3269 5198 facta:
3292 5154 3436 5209 sunt,

1874 5249 2034 5287 unum
2069 5234 2149 5286 vel
2178 5233 2400 5287 alterum
2431 5233 2690 5302 proferam
2724 5233 3050 5303 exemplum.

1945 5345 2066 5398 119.
2101 5345 2412 5400 Dracontius
2465 5345 2844 5412 providentiam
2882 5345 2976 5400 Del
3008 5345 3076 5402 de
3115 5347 3290 5413 bonis,
3322 5365 3439 5418 qua:

1874 5435 2055 5501 donat,
2087 5452 2147 5490 ac
2177 5436 2242 5490 de
2273 5436 2445 5499 malis,
2477 5424 2593 5504 qua:
2630 5437 2905 5506 permiltit,
2939 5437 3038 5492 hoc
3078 5453 3183 5492 uno
3212 5440 3439 5495 disticho

1874 5527 2177 5596 complexus
2203 5535 2283 5580 est
2312 5539 2450 5580 vers.
2484 5527 2550 5579 15
2577 5543 2589 5579 :

1997 5643 2234 5706 Quidquid
2273 5650 2422 5706 agunt
2465 5641 2716 5705 homines,
2763 5644 2916 5707 bona,
2961 5645 3133 5708 tristia,
3169 5659 3435 5710 prospera,

2060 5762 2162 5815 Hoc
2185 5763 2292 5817 ﬁeri
2311 5764 2566 5817 admittunt
2583 5768 2652 5817 ira
2670 5764 2897 5830 favorque
2915 5765 3026 5820 Dei.
3189 5709 3378 5772 [Prava,
