4016 6280
569 317 672 375 665

1946 315 2396 377 DRACONTIUS.

3724 329 3825 387 διιι

567 452 637 509 Ut
675 452 834 509 simili
879 451 1036 507 modo
1072 453 1278 508 dixerat
1316 453 1409 508 lib.
1453 468 1498 519 ι,
1541 465 1679 507 vers.
1725 453 1822 519 18,
1864 466 2030 507 carm.
2070 453 2136 508 de

2241 447 2303 486 ea
2333 447 2452 503 quze
2493 433 2545 489 in
2578 431 2755 490 Callia
2785 441 2941 502 sunt,
2985 451 3052 492 ex
3083 437 3456 496 emendatione
3481 438 3714 511 Eugenii
3748 446 3820 498 vi.

567 545 678 601 Deo
709 562 726 599 :

689 636 858 698 Omnia
892 650 1000 698 quae
1034 637 1251 693 veniunt,
1271 637 1415 694 bona,
1440 636 1630 698 gaudia.
1660 637 1835 695 tristia,
1861 637 2036 689 acerba

687 697 1002 747 Descendunt
1026 711 1087 746 ex
1109 710 1222 746 arce
1247 699 1363 761 Dei,
1381 697 1583 748 de’sede
1603 699 1852 748 Tonantis.

563 779 933 847 luterpo'atori
961 781 1221 836 sententia
1247 782 1433 851 elegia:
1458 781 1587 836 dura
1606 782 1718 836 visa
1741 790 1848 837 est:
1877 781 1990 837 ha'c
2008 797 2134 850 ergo

563 872 652 926 ille
684 871 789 925 duo
819 872 1042 926 disticha
1075 875 1392 942 supposuit:

681 965 919 1027 Quidquid
954 974 1101 1027 agunt
1123 966 1364 1030 homines,
1389 968 1537 1029 bona,
1559 979 1810 1029 prospera,
1829 973 2132 1074 sapﬁtzuno-

743 1087 816 1135 'l‘e
837 1086 1062 1146 faciente,
1090 1089 1226 1147 ﬁunt,
1252 1102 1349 1149 quo
1372 1089 1497 1138 bona
1523 1094 1692 1138 cuncta
1731 1089 1866 1146 ﬁunt,
1891 1028 2066 1088 MS”,

680 1146 886 1213 Eegutra
912 1150 1134 1213 adversa,
1162 1146 1409 1213 probrosa.
1436 1151 1665 1213 maligna,
1692 1151 1948 1200 inhonesta

745 1210 818 1258 Tu
845 1210 949 1259 ﬁeri
977 1210 1176 1274 pateris,
1199 1213 1278 1272 qui
1301 1212 1421 1260 mala
1448 1213 1574 1261 nulla
1593 1210 1724 1260 fauis.

559 1294 643 1357 Et,
679 1305 736 1348 ut
777 1296 1012 1363 apertius
1042 1296 1223 1350 videas
1251 1296 1376 1365 quid
1409 1297 1774 1366 iuterpolatori
1823 1295 1873 1350 in
1908 1295 2134 1350 (ΙῘειῙεΙιο

558 1383 834 1442 Dracontii
863 1384 1223 1453 displicuerit,
1265 1386 1681 1450 animadvertas,
1715 1401 1917 1455 quteeo,
1965 1395 2135 1438 muta-

559 1475 758 1529 tionem
797 1476 1011 1530 distichi
1043 1479 1347 1548 sequentis,
1385 1477 1524 1548 quod
1561 1478 1874 1532 Dracomius
1915 1477 1983 1530 ita
2021 1477 2132 1530 edi.

561 1565 750 1619 derat:

690 1656 792 1721 lloc
817 1665 895 1705 tua
917 1659 1064 1707 verba
1087 1659 1289 1719 probant
1312 1659 1476 1707 liloseo
1497 1659 1616 1708 dicta
1643 1659 1903 1721 prolilzetaz,

753 1719 888 1776 Quod
911 1721 1177 1770 duraturus
1196 1734 1280 1769 cor
1303 1721 1563 1769 Pharaonis
1587 1734 1710 1769 eras.

2238 523 2428 578 dentur
2455 525 2798 593 processisse,
2841 537 3064 596 excepto
3101 529 3287 585 codice
3314 531 3606 587 Parisiensi
3646 531 3705 588 S.
3735 535 3821 590 Vi-

2237 616 2420 679 ctoris,
2451 630 2606 683 quem
2632 631 2731 682 ego
2755 624 2881 684 puto
2903 628 3178 673 exaratum
3203 634 3270 674 ex
3300 620 3481 688 aliquo
3507 623 3815 692 antiquiori,

2235 705 2378 758 solos
2403 720 2587 759 versus
2611 706 2676 761 de
2698 708 2871 774 Opere
2897 723 2991 763 ses
3015 709 3223 764 dierum
3246 713 3582 779 continente,
3606 716 3821 782 qualem

2234 794 2392 850 etiam
2421 805 2550 850 ante
2580 797 2874 866 Eugenium
2906 799 3038 853 vidit
3067 800 3320 854 Isidorus.
3369 803 3572 857 Verum
3605 804 3814 860 difﬁcile

2235 902 2342 941 non
2374 887 2470 940 tuit
2501 897 2556 941 ut
2586 899 2708 942 aute
2738 889 2796 944 S.
2829 890 3012 944 lsidori
3058 901 3303 961 tempora
3330 895 3501 950 codex
3531 896 3730 965 aliquis
3754 914 3814 954 es

2235 979 2486 1046 llispania
2513 980 2564 1033 iu
2595 980 2798 1035 Italiam
2823 982 3197 1048 adveheretur,
3222 987 3312 1053 qui
3340 985 3609 1056 integrum
3633 1002 3812 1055 poema

2234 1071 2300 1124 de
2325 1071 2452 1137 Deo,
2476 1081 2532 1128 et
2553 1072 2983 1129 Satisfactionem
3005 1075 3071 1130 ad
3094 1091 3272 1146 regem
3295 1077 3658 1134 Guntbarium
3678 1095 3814 1136 eom-

2235 1162 2588 1229 prebeuderet
2634 1181 2646 1216 :
2701 1164 2802 1219 nisi
2852 1166 3079 1222 velimus
3128 1167 3286 1222 etiam
3333 1169 3602 1238 suSpicari
3650 1171 3812 1239 ipsum

2240 1252 2618 1320 Dracontium,
2663 1271 2878 1312 carcere
2910 1259 3123 1314 tandem
3157 1260 3469 1329 liberatum,
3517 1263 3568 1317 in
3619 1263 3815 1319 italiam

2237 1343 2472 1397 venisse.
2516 1345 2662 1401 llanc
2692 1348 2830 1402 enim
2867 1349 3034 1404 habeo
3065 1351 3448 1421 conjecturam,
3481 1368 3648 1424 quam
3679 1370 3810 1412 nunc

2235 1445 2549 1501 proponam.

2310 1544 2432 1598 121.
2473 1546 2727 1601 Sidonius
2759 1547 2809 1601 in
2843 1549 3156 1605 Exeusator.
3193 1552 3257 1606 ad
3286 1531 3540 1621 Felicem,
3568 1570 3742 1611 carm.
3761 1558 3809 1622 9.

2235 1643 2342 1689 tres
2371 1647 2553 1705 poetas
2583 1637 2758 1692 laudat
2783 1640 2870 1708 qui
2900 1642 3138 1708 patribus
3163 1657 3263 1696 suo
3299 1653 3353 1698 et
3377 1643 3569 1700 Felicis
3613 1645 3810 1703 fuerant

2238 1727 2473 1792 sodales,
2502 1744 2726 1797 quorum
2761 1733 2974 1786 tertium
3003 1748 3105 1788 non
3135 1736 3390 1802 nominat,
3417 1738 3512 1792 sed
3538 1739 3596 1793 in
3628 1739 3810 1795 Batica

560 1806 841 1864 Corrcctor
861 1811 1026 1864 noluit
1049 1811 1246 1867 dictum
1275 1812 1414 1877 quod
1445 1812 1698 1866 Dominus
1721 1825 1815 1865 cor
1842 1809 2134 1863 Pharaonis
2173 1801 2210 1856 Β
2241 1829 2416 1874 narum
2448 1821 2596 1888 dicit,
2626 1831 2681 1878 ει
2709 1824 2810 1877 alia
2836 1825 2902 1879 de
2931 1841 2994 1882 eo
3022 1840 3202 1882 ηπηη
3233 1831 3315 1886 his
3342 1801 3622 1888 versibus;

560 1899 942 1965 obduraverit;
974 1903 1041 1956 ita
1078 1904 1235 1971 igitur
1264 1903 1353 1958 ille
1380 1920 1393 1955 :

680 1991 786 2064 93
815 1993 929 2042 Ha-c
963 2001 1042 2064 tua
1066 1995 1145 2064 lex
1171 1995 1233 2042 do
1264 1993 1514 2064 uit__l_itoyse
1541 1995 1815 2064 praescripta
1841 1997 2056 2052 notante,

747 2061 862 2110 Cum
889 2061 1200 2118 perduratum
1223 2070 1304 2104 cor
1321 2057 1582 2104 Pharaonis
1606 2057 1688 2102 ait.

560 2143 718 2211 Atqui
751 2139 1068 2194 Dracontius
1097 2137 1272 2192 Exodi
1303 2136 1464 2191 verba
1492 2151 1610 2204 cap.
1639 2151 1730 2198 vn,
1760 2151 1810 2188 v.
1835 2136 1887 2199 5,
1911 2149 2134 2203 expres-

559 2234 646 2286 sit.
697 2231 802 2287 Sed
846 2232 930 2286 hic
971 2230 1116 2284 locus
1155 2245 1259 2283 non
1288 2237 1371 2284 est
1400 2236 1457 2282 ut
1485 2227 1825 2282 Dracontium
1857 2234 2132 2312 tueamur}

559 2337 764 2382 tantum
797 2341 934 2380 nunc
957 2323 1366 2393 discrepantiam
1390 2322 1528 2377 inter
1552 2319 1893 2376 Dracontium
1917 2319 2136 2387 ejusque

560 2428 920 2474 correctorem
937 2416 1292 2484 ostendimus,
1311 2431 1432 2487 qua:
1457 2416 1508 2469 in
1530 2413 1715 2468 eadem
1742 2411 1853 2466 fere
1871 2410 2133 2466 sententia

564 2511 719 2578 paulo
749 2518 866 2578 post
897 2524 1085 2564 rursus
1111 2511 1346 2563 occurrit
1370 2524 1514 2563 vers.
1538 2507 1641 2560 ‘27:

686 2600 804 2658 Quis
827 2601 915 2648 nisi
940 2600 1125 2648 caelesti
1150 2600 1195 2647 di
1216 2613 1357 2646 mens
1381 2613 1502 2658 comi
1521 2598 1653 2647 ulsus
1675 2600 1734 2646 ab
1754 2599 1838 2654 ira,

746 2662 932 2723 ASpera
958 2670 1128 2709 cuncta
1149 2669 1299 2722 petat,
1323 2673 1550 2721 prospera
1575 2668 1744 2708 cuncta
1769 2659 1952 2721 neget?

563 2746 616 2802 In
644 2745 829 2801 codice
857 2744 1127 2800 Sirmondi
1158 2743 1256 2797 hoc
1281 2743 1544 2797 distichon
1575 2743 1642 2796 ita
1670 2742 1920 2796 eﬁertur:

683 2843 789 2901 Quo
813 2841 899 2889 nisi
922 2827 1141 2888 caelestis
1164 2838 1354 2886 Domini
1379 2845 1668 2897 conspectus
1693 2835 1969 2901 atlastbram

743 2903 934 2963 Aspera
957 2910 1128 2950 cuncta
1156 2907 1402 2962 premunt,
1422 2896 1651 2960 pt‘Ospera
1686 2896 1815 2945 nulla
1833 2902 2002 2957 jurant

561 2989 738 3046 Codex
766 2988 984 3055 Azagra:
1014 2986 1064 3039 in
1088 2984 1320 3038 editione
1347 2981 1638 3037 Matritensi
1667 2979 1742 3034 sic
1769 2979 1926 3033 habet
1952 2996 1962 3030 :

682 3082 787 3138 Quo
814 3078 900 3126 nisi
925 3077 1136 3125 ett-hstis
1163 3075 1353 3123 Domini
1378 3079 1642 3131 conceptus
1673 3072 1736 3140 a_l_i
1759 3071 1910 3140 :ethra

741 3141 924 3202 Aspera
951 3147 1122 3186 cuncta
1148 3144 1352 3198 premat,
1376 3147 1605 3196 prOSpera
1633 3132 1758 3179 nulla
1773 3135 1958 3190 juvant.

564 3224 782 3279 llivinus
812 3222 1128 3291 scripturam
1161 3218 1431 3276 Sirmondi
1463 3227 1618 3271 antea
1649 3215 2051 3281 sollicitaverat,
2081 3224 2134 3267 et

566 3316 765 3386 legerat
787 3331 800 3366 :

689 3405 846 3463 Quem
866 3403 956 3450 nisi
978 3399 1210 3449 sal-vasset
1239 3400 1425 3448 Domini
1450 3395 2012 3463 conspectus‘abmtbra,

752 3466 939 3527 Aspera
960 3471 1130 3513 cuncta
1158 3468 1401 3523 premunt,
1427 3458 1656 3523 prospera
1679 3458 1803 3507 nulla
1825 3460 2014 3520 juvant.

567 3549 811 3606 Mendum
836 3547 1180 3613 viderat,’sed
1205 3562 1382 3601 teram
1409 3547 1688 3602 lectionem
1719 3563 1822 3601 non
1848 3546 1996 3610 vidit,
2021 3562 2138 3614 qua:

567 3651 748 3698 exstat
778 3642 830 3695 in
861 3640 1028 3710 elegia
1062 3655 1166 3694 non
1199 3640 1537 3707 interpo'ala.
1589 3638 1888 3692 Absurdnm
1924 3639 2140 3708 putabat

567 3743 839 3791 corrector
865 3734 1004 3805 quod
1031 3734 1220 3803 aliquis
1242 3736 1345 3787 etet.
1362 3733 1426 3786 sti
1452 3731 1742 3802 compulsus
1764 3731 1824 3786 ab
1847 3732 1922 3786 ira
1949 3747 2138 3800 aspera

566 3835 758 3882 cuncta
783 3833 1010 3895 peteret,
1036 3839 1287 3894 prospera
1318 3834 1510 3880 cuncta
1539 3835 1776 3896 negaret.
1811 3830 1878 3878 At
1906 3825 2140 3879 Dracon-

569 3917 673 3971 tius
701 3917 803 3970 lioc
828 3915 1023 3980 voluit,
1068 3915 1168 3969 hoc
1200 3915 1266 3970 de
1294 3916 1470 3984 scipso
1500 3916 1814 3979 afﬁrmavit,
1854 3925 1908 3969 ut
1936 3931 2000 3968 ex
2032 3925 2138 3968 tota

567 4007 827 4063 orationis
854 4006 994 4062 serie
1023 4007 1206 4075 liquet.
1261 4007 1316 4060 In
1357 4006 1458 4059 levi
1492 4007 1644 4060 unius
1670 4007 1817 4060 verbi
1847 4005 2142 4059 mutatione

571 4099 861 4154 studiosam
911 4098 1233 4153 correctoris
1283 4098 1607 4166 diligentiam
1659 4097 1782 4151 licet
1833 4098 2138 4151 observare.

570 4190 884 4248 Dracontius
913 4205 978 4244 ex
1008 4203 1234 4257 persona
1260 4185 1538 4242 Commodi
1565 4189 1786 4257 Augusti
1815 4188 1914 4242 hoc
1946 4200 2142 4257 prtece-

570 4293 716 4352 ptum
749 4281 924 4350 posuit
948 4294 1088 4334 vers.
1116 4279 1218 4334 189
1240 4295 1254 4332 :

693 4376 866 4427 Nobile
891 4381 1205 4437 praereptum,
1231 4379 1470 4437 rectores,
1491 4373 1662 4437 discite
1687 4379 1791 4434 post
1812 4385 1892 4421 me
1917 4386 1926 4418 :

751 4439 825 4487 Sit
842 4433 1000 4485 bonus
1025 4433 1072 4484 in
1097 4437 1190 4484 vita
1214 4435 1296 4497 qui
1317 4433 1581 4484 voletesse
1599 4433 1734 4482 deus.

572 4523 684 4580 lloc
730 4530 1058 4592 postremum
1107 4523 1325 4572 verbum
1372 4518 1718 4587 interpolator
1757 4527 1846 4571 aut
1893 4516 2139 4572 mendum
2179 4531 2224 4588 ι)

573 4614 775 4684 putavit
816 4627 954 4678 esse,
996 4621 1085 4665 aut
1128 4610 1343 4665 tolerari
1388 4626 1492 4665 non
1540 4624 1717 4679 posse.
1766 4610 1924 4679 Igitur
1960 4623 2144 4663 emen-

568 4707 750 4762 davit:

755 4798 830 4847 Sit
853 4797 1006 4846 bonus
1031 4796 1076 4842 in
1104 4796 1194 4844 vita
1220 4795 1300 4856 qui
1327 4794 1454 4843 volet
1478 4806 1590 4859 esse
1614 4794 1726 4843 Di-i.

575 4905 640 4957 At
667 4901 1016 4965 Commodus,
1045 4902 1131 4970 qui
1165 4900 1278 4954 haec
1311 4899 1467 4952 verba
1499 4898 1714 4966 profert,
1746 4896 1992 4964 intelligit
2016 4912 2144 4966 apo-

571 4994 779 5047 theosin
819 4993 1127 5062 gentilium,
1175 5006 1278 5059 qua
1319 4990 1668 5057 imperatores
1710 4997 1828 5058 post
1857 4989 2059 5043 obitum
2090 4989 2143 5042 in

571 5079 790 5136 deorum
820 5096 1100 5137 numerum
1129 5080 1515 5136 referebantur.

646 5171 792 5247 120..
809 5192 962 5248 Plura
994 5194 1099 5250 alia
1127 5207 1270 5246 nunc
1295 5191 1504 5260 omitto,
1533 5206 1649 5259 quae
1677 5191 1865 5245 melius
1891 5192 2144 5260 patebunt

572 5296 694 5336 cum
725 5283 902 5354 Elegia
927 5301 992 5341 ex
1019 5287 1205 5341 codice
1227 5285 1480 5340 Vaticano
1505 5285 1642 5338 ed'ta
1668 5299 1787 5337 cum
1817 5286 2141 5341 variantibus

575 5372 889 5427 lectionibus
913 5375 1023 5446 94
1057 5376 1300 5430 codicum
1335 5374 1691 5431 Sirmondiani
1735 5385 1789 5429 et
1826 5378 2144 5445 Azagrensis

569 5463 895 5518 conferetur.
935 5467 1040 5521 Sed
1067 5481 1187 5522 cum
1219 5479 1416 5522 tantum
1443 5468 1676 5521 studium
1704 5469 1995 5522 adhibitum
2028 5470 2141 5524 fue-

570 5555 641 5609 rit
669 5538 726 5610 ut
754 5557 1018 5612 Dracontii
1049 5561 1283 5614 carmina
1311 5562 1372 5614 ad
1403 5569 1648 5630 posteros
1677 5563 1995 5633 interpolata
2024 5582 2142 5635 per-

569 5647 846 5714 venirent,
875 5658 1080 5718 qumrat
1110 5651 1296 5717 aliquis
1323 5667 1422 5721 qua
1453 5655 1532 5706 via
1561 5664 1714 5709 extra
1745 5655 2047 5723 Hispaniam
2089 5670 2142 5711 et

565 5739 622 5796 in
652 5740 800 5797 Italia
828 5741 944 5800 haec
975 5743 1087 5811 ipsa
1119 5743 1319 5811 integra
1360 5748 1620 5800 asservari
1663 5747 1970 5816 potuerint;
2019 5764 2139 5804 nant

2488 1937 2560 2002 ﬂe
2585 1940 2668 1999 qui
2699 1940 2794 2000 jam
2823 1942 3038 2002 patribus
3065 1943 3205 1994 fuere
3225 1947 3402 1998 nostris

2487 1999 2647 2062 [‘rimo
2678 1999 2897 2062 tempore
2923 2007 3119 2054 maximi
3144 2008 3393 2057 sodales...

2483 2060 2697 2130 Sednec
2719 2060 2995 2130 tertiusgille
3018 2079 3141 2114 nunc
3163 2067 3378 2130 legetur,
3397 2062 3412 2076 “

2485 2121 2651 2192 liae-tim
2678 2125 2760 2183 qui
2788 2128 2996 2192 patrium
3017 2128 3178 2192 semel
3203 2121 3484 2192 ﬁalinquens

2486 2180 2839 2247 ljntlosae‘pet'it
2862 2189 2989 2235 sitim
3015 2187 3274 2247 Ravennae,

2485 2242 2748 2314 [inrisores
2773 2247 3106 2314 cui_i‘ul_gidam
3132 2242 3362 2314 Quirites,

2565 2317 2702 2374 carus
2727 2303 3299 2374 pOpulariiateprinceps

2483 2364 2686 2425 'l‘rajano
2707 2364 2911 2418 statuam
2933 2368 3036 2420 foro
3057 2364 3292 2423 locarunt.

2236 2469 2548 2539 Suspicatur
2587 2473 2906 2532 Sirmondus
2950 2477 3002 2533 in
3043 2478 3186 2534 notis
3232 2477 3298 2535 ad
3344 2479 3620 2539 Sidonium
3674 2482 3812 2541 hunc

2238 2573 2443 2632 poetam
2478 2565 2770 2635 Hispanum
2801 2583 2920 2624 esse
2952 2571 3357 2639 Merobaudem,
3383 2576 3446 2628 de
3473 2591 3578 2644 quo
3610 2575 3811 2631 ldacius

2236 2656 2299 2708 ad
2344 2672 2540 2711 annum
2587 2659 2730 2714 “3:
2774 2660 2982 2716 Asturio
3022 2665 3264 2733 magistra
3313 2666 3572 2734 utriusque
3615 2668 3811 2721 militia

2236 2763 2387 2814 gener
2429 2749 2589 2818 ipsius
2635 2768 2897 2806 successor
2940 2756 3038 2824 ipsi
3088 2757 3304 2810 mittitur
3348 2757 3446 2828 (ad
3496 2759 3807 2828 Hispanias)

2239 2838 2593 2906 Merobaudis,
2641 2853 2764 2896 natu
2815 2845 3028 2909 nobilis,
3077 2859 3123 2899 et
3172 2845 3469 2916 eloquentia:
3515 2853 3698 2903 merito
3739 2852 3810 2903 vel

2235 2933 2452 2985 maxime
2500 2935 2549 2986 in
2603 2937 2847 3001 poematis
2896 2939 3063 2990 studio
3112 2941 3358 2993 veteribus
3405 2943 3807 3010 comparandus,

2233 3026 2516 3078 testimonio
2554 3028 2705 3078 etiam
2744 3029 3034 3097 provehitur
3060 3039 3364 3086 statuarum.
3410 3033 3557 3087 Brevi
3589 3045 3811 3103 (erupere

2161 3160 2204 3219 Ο
2240 3117 2498 3182 potestatis
2523 3133 2628 3170 sua:
2655 3119 3113 3174 Aracellitanorum
3141 3123 3330 3192 frangit
3362 3124 3683 3176 insolentiam
3714 3124 3812 3178 Ba-

2238 3206 2536 3260 caudarum.
2589 3206 2715 3262 Mo'a:
2743 3205 3099 3264 nonnulloi'um
3131 3213 3328 3265 invidia
3371 3226 3705 3284 perurgente,
3749 3217 3812 3266 ad

2244 3298 2407 3350 urbem
2436 3297 2649 3350 Romam
2671 3289 2815 3352 sacra
2845 3304 3180 3370 praeceptione
3205 3313 3482 3357 revocatur.
3514 3303 3678 3358 Addit
3707 3305 3813 3360 Sir-

2241 3407 2269 3441 ιι
2295 3390 2466 3444 ondus
2499 3391 2637 3444 hunc
2660 3405 2780 3445 esse
2809 3393 3183 3447 Merobaudem
3217 3395 3368 3462 cujus
3400 3403 3567 3450 exstat
3596 3411 3813 3450 carmen

2239 3477 2305 3532 de
2328 3477 2454 3532 Deo.
2492 3480 2655 3533 Acute
2683 3480 2794 3534 haec
2815 3481 3120 3551 excogitata
3150 3495 3291 3537 sunt.
3315 3485 3420 3556 95
3445 3485 3640 3540 Verum
3670 3485 3814 3541 idem

2241 3568 2557 3623 Sirmondus
2586 3570 2835 3624 observat
2865 3587 2929 3625 eo
2960 3583 3202 3643 tempore
3229 3585 3428 3629 statuas
3457 3577 3508 3628 in
3537 3577 3658 3630 τοι-ο
3684 3575 3816 3630 Tra-

2235 3660 2364 3728 jino
2404 3661 2584 3714 multis
2624 3661 2788 3717 fuisse
2827 3664 3152 3728 collocatas,
3199 3666 3338 3732 quod
3379 3668 3536 3720 etiam
3577 3667 3818 3736 antiquis

2243 3751 2674 3816 inscriptionibus
2705 3753 2914 3821 probat.
2965 3754 3135 3808 Locus
3165 3755 3322 3825 igitur
3349 3756 3521 3811 adhuc
3548 3758 3812 3827 relinqui-

2243 3851 2328 3896 tur
2347 3841 2621 3896 dubitandi
2653 3859 2717 3896 an
2740 3843 2806 3897 de
2828 3843 2932 3896 alio
2956 3845 3190 3912 Hispano
3213 3856 3367 3915 poeta
3397 3847 3568 3915 aptius
3593 3849 3815 3917 intelligi

2245 3936 2412 4001 possit
2435 3935 2703 3988 Sidonius.
2738 3934 3031 3988 Notandum
3062 3951 3188 4005 ergo
3213 3946 3296 3991 est
3321 3937 3602 3992 Sidonium
3637 3949 3816 3994 natum

2245 4025 2407 4080 fuisse
2447 4025 2586 4080 circa
2618 4041 2813 4080 annum
2843 4028 2969 4092 428,
3013 4038 3062 4082 et
3104 4025 3372 4083 afﬁrmare
3414 4040 3623 4108 poetam
3668 4031 3817 4084 illum

2245 4118 2496 4172 Bazticum
2545 4119 2778 4172 sodalem
2821 4119 2982 4174 fuisse
3025 4120 3110 4174 sui
3154 4123 3315 4186 patris
3359 4123 3522 4188 primo
3561 4132 3818 4193 tempore,

2244 4210 2384 4280 quod
2415 4224 2514 4279 ego
2545 4211 2866 4279 interpretor
2915 4214 2966 4265 in
3015 4213 3126 4281 ipsa
3175 4212 3256 4268 sui
3305 4215 3466 4283 patris
3514 4215 3818 4283 iuventute.

2248 4302 2334 4356 Ait
2363 4311 2623 4370 praeterea
2652 4301 2902 4357 Sidonius
2940 4317 3062 4357 eum
3104 4314 3312 4371 poetam
3361 4305 3542 4358 Bzrtim
3588 4308 3821 4374 patrium

2246 4393 2410 4448 semel
2443 4393 2741 4462 reliquisse,
2789 4402 2840 4448 et
2888 4393 3193 4448 Ravennam
3227 4396 3468 4473 venisse:
3512 4412 3621 4465 quo
3653 4399 3824 4453 innuit

2251 4487 2516 4541 Ravennae
2545 4501 2664 4540 cum
2698 4494 2846 4555 patre
2874 4501 2971 4539 suo
3007 4488 3294 4541 amicitiam
3327 4489 3689 4546 contraxisse.
3743 4491 3826 4544 ln-

2253 4576 2432 4646 telligo
2477 4575 2637 4631 etiam
2688 4587 2896 4642 poetam
2947 4576 3233 4644 Hispanum
3279 4577 3484 4632 Sidonii
3531 4579 3719 4633 Baetim
3773 4580 3826 4634 in

2251 4675 2560 4735 perpetuum
2607 4666 2917 4735 reliquisse;
2968 4667 3017 4720 id
3068 4669 3209 4721 enim
3259 4669 3524 4737 signiﬁcat
3564 4671 3669 4724 l.~oe
3707 4673 3829 4725 loro

2250 4754 2555 4810 adverbium
2581 4758 2756 4811 semet.
2809 4757 2903 4810 His
2945 4759 3014 4810 ita
3061 4758 3250 4826 positis
3297 4759 3646 4829 consequitur
3673 4760 3821 4815 Sido-

2248 4847 2392 4901 nium
2421 4849 2596 4902 minus
2624 4860 2980 4917 congruenter
3009 4850 3209 4916 exponi
3242 4850 3309 4904 de
3341 4851 3696 4916 Merobaude,
3737 4854 3831 4921 qui

2245 4954 2386 4993 anno
2407 4939 2511 4993 H5
2537 4939 2640 4994 dus
2673 4941 2785 4994 sive
2814 4943 3064 5009 magister
3095 4943 3372 5012 utriusque
3401 4944 3604 4998 militiae
3633 4945 3831 5000 missus

2249 5037 2330 5081 est
2361 5029 2410 5081 in
2443 5028 2742 5096 llispauias,
2773 5045 2890 5082 mox
2924 5044 3075 5083 saera
3108 5035 3466 5100 praeceptione
3486 5031 3714 5087 Romam
3747 5050 3834 5088 re-

2249 5127 2485 5175 vocatus.
2531 5118 2727 5174 Contra
2760 5118 3045 5173 Dracoiitio
3070 5123 3245 5174 omnia
3277 5122 3484 5177 Sidonii
3513 5124 3673 5178 verba
3704 5135 3834 5191 apte

2246 5211 2596 5266 conveniunt:
2622 5226 2743 5266 nam
2769 5221 2822 5265 et
2845 5211 3072 5266 Baiticus
3092 5223 3226 5276 erat,
3251 5222 3306 5268 et
3329 5215 3472 5268 circa
3498 5230 3695 5269 annum
3723 5216 3835 5271 427

2247 5303 2512 5357 Ravennm
2538 5303 2644 5371 jam
2675 5304 2843 5372 potuit
2871 5305 3228 5370 commorari,
3275 5315 3555 5376 postquam
3590 5310 3837 5376 patrium

2250 5393 2433 5447 Baetim
2457 5394 2621 5448 semel
2651 5394 2969 5464 reliquisset.
3003 5394 3137 5450 Huic
3163 5397 3489 5464 conjecturae
3514 5397 3657 5454 favet
3679 5401 3841 5470 quod

2249 5483 2308 5537 S.
2337 5482 2697 5538 Columbanus
2732 5485 2961 5552 Elegiam
2997 5485 3267 5540 Dracontii
3307 5488 3568 5556 integram
3603 5491 3841 5559 legerat,

2249 5583 2299 5625 ut
2329 5588 2390 5626 ex
2421 5573 2659 5627 versibus
2691 5574 2831 5628 illius
2862 5591 3007 5629 num.
3041 5577 3072 5629 8
3102 5577 3275 5630 allatis
3306 5580 3566 5648 arguitur,
3598 5591 3652 5634 et
3676 5585 3842 5650 quod

2249 5663 2417 5716 Codex
2458 5664 2723 5717 Dracontii
2761 5665 2808 5717 in
2839 5666 3079 5733 catalogo
3107 5667 3482 5736 antiquissimo
3512 5674 3843 5728 monasterii

2251 5752 2529 5807 Bobiensis
2557 5753 2623 5808 ab
2655 5755 2840 5810 eodem
2874 5755 2930 5811 S.
2964 5755 3293 5813 Columbano
3323 5757 3527 5814 fundati
3556 5763 3845 5830 reperitur
