4016 6280
206 310 322 369 ωδ
1606 297 2138 358 rnonncouena.
3381 306 3483 365 666

207 427 540 499 descriptus.
575 426 630 481 Id
659 424 802 481 enim
830 421 989 477 simul
1018 435 1137 476 cum
1166 419 1367 476 Sidonii
1395 419 1635 474 versibus
1664 433 1800 472 non-
1829 420 1882 476 Α
1908 419 1964 475 In
1996 423 2235 477 carmine
2266 440 2391 478 vero
2422 425 2516 480 lib.
2551 442 2628 492 ιιι,
2657 442 2799 482 vers.
2833 426 2956 494 576,
2993 434 3111 497 post
3139 427 3301 481 multa
3331 427 3431 482 alia
3463 444 3480 480 :

209 523 419 576 nullam
446 532 661 574 causam
690 515 890 585 ρτωιιει
914 511 1220 582 suspicandi
1241 511 1583 564 Dracontium
1614 509 1665 562 in
1697 507 1799 561 lta-
2026 513 2120 585 lIei
2149 516 2300 585 mihi!
2326 517 2453 585 quod
2477 519 2658 568 facinus
2682 533 2776 567 non
2801 533 2896 568 uno
2921 525 3144 585 tempore
3169 525 3381 579 gestum,

212 575 285 666 ha
318 611 537 665 vixisse.
691 575 704 585 '
1008 575 1025 582 '
1913 660 1940 666 Α
2031 575 2094 625 Ut
2118 591 2225 625 mea
2256 575 2376 627 facta
2410 579 2554 641 luam,
2576 587 2777 666 tempus
2800 575 3095 666 convenit-iu
3117 575 3282 630 unum.

289 660 776 760 ἱέέξᾟιιποιιιίιιε
805 699 978 762 enim,
1018 699 1062 752 si
1090 696 1385 750 libertatem
1415 695 1639 762 adeptus
1670 691 1800 758 fuit,

1921 660 2046 728 )uot
2070 667 2245 714 autem
2277 671 2326 714 et
2358 663 2530 728 qualia
2571 661 2768 716 fuerint
2799 663 2910 716 haec
2940 661 3140 716 scelera
3170 676 3393 730 quorum
3423 673 3485 716 se

213 809 277 852 ut.
445 751 772 850 consulere—tv
792 751 1378 847 avese'calamitatibus
1410 751 1602 858 quibus
1631 751 1800 840 vexa;
1904 767 2058 853 reum
2089 760 2302 858 accusa}
2331 751 2666 858 Pracff'fﬁus;
2692 769 2798 855 Im"
2832 753 3061 823 "plicat
3083 752 3364 858 ἐίῗίίηθίῗδ
3388 752 3484 806 sed

215 834 277 852 υ.
306 834 408 850 sm.
445 834 752 850 w............
792 834 855 847 ..ν
895 834 954 846 υ..
991 834 1378 845 --.......----.---
1413 834 1599 858 τη---
1908 843 1920 853 ο
2467 844 2477 854 ι
2522 843 2574 855 η
2704 844 2715 855 .
3083 845 3094 856 .
3148 834 3166 849 ο
3302 845 3314 857 .

215 888 382 944 batur
408 886 661 956 Hispania
698 884 1056 949 subtraheret,
1089 885 1258 935 otium
1291 879 1683 945 honestumque
1712 891 1800 930 se-
1908 841 3198 956 TITI???“SENTOE'l’ﬂf#23913:‘ffsll’us
3228 861 3315 914 fl"l
3349 857 3485 914 Μεθ’

216 995 435 1036 cessum
477 993 657 1033 amare
697 977 919 1032 debuit:
966 977 1071 1030 imo
1111 975 1213 1030 hoc
1243 974 1410 1028 Deum
1441 980 1688 1042 precatus
1719 977 1804 1024 est

217 1073 316 1127 lib.
345 1087 402 1126 ιιι
431 1071 499 1124 de
529 1071 659 1133 Deo,
687 1082 829 1122 vers.
855 1067 992 1121 θυι

351 1163 449 1221 Ile,
477 1174 617 1222 rogo,
639 1160 734 1220 jam
760 1172 931 1222 repara
954 1159 1046 1206 sub
1072 1157 1298 1222 libertate
1322 1155 1554 1216 solutum,

350 1219 496 1272 Clade
519 1219 800 1271 catenarum
826 1220 1007 1268 ferrato
1030 1219 1242 1279 pondere
1272 1231 1517 1276 pressum.

352 1287 429 1332 Sit
448 1287 559 1332 vitae
585 1284 800 1344 requies,
829 1284 1000 1329 animae
1019 1282 1112 1328 sint
1131 1282 1227 1328 otia
1247 1279 1406 1339 fessae,

351 1348 426 1396 Sit
449 1358 618 1394 secura
642 1341 802 1406 quies,
827 1344 888 1391 sit
912 1355 1002 1390 nox
1025 1355 1132 1390 cum
1157 1354 1365 1389 munere
1389 1341 1556 1389 noctis.

224 1429 382 1496 Quod
413 1429 553 1482 enim
583 1426 777 1496 pergit,
807 1424 884 1479 Sit
915 1424 1118 1494 fortuna
1150 1425 1329 1489 redux,
1354 1433 1486 1490 etc.,
1510 1436 1570 1475 ea
1603 1429 1805 1474 tantum

224 1523 460 1576 fortuna:
484 1522 621 1575 bona
641 1518 846 1572 videtur
868 1517 1134 1586 postulare
1155 1533 1272 1586 qua:
1292 1517 1400 1570 otio
1421 1516 1613 1569 animat
1633 1515 1808 1579 fessae,

225 1630 294 1670 ac
321 1629 525 1669 securm
554 1610 718 1681 quieti
762 1610 979 1663 minimc
1008 1609 1378 1662 adversantur.
1431 1607 1624 1660 Fuerat
1666 1606 1809 1659 enim

229 1707 522 1776 palatinus,
552 1714 606 1757 ut
631 1701 822 1770 conjici
856 1710 1028 1770 potest
1058 1715 1119 1754 ex
1149 1700 1260 1752 suis
1289 1697 1548 1763 versibus,
1575 1706 1628 1751 et
1657 1696 1810 1764 plane

227 1797 520 1852 affirmavit
546 1810 707 1865 supra
736 1809 882 1848 num.
909 1793 976 1845 52
1004 1790 1287 1847 Goldastns
1329 1790 1438 1860 96
1480 1788 1662 1843 nescio
1703 1803 1807 1856 quo
1842 1779 1886 1837 Β

228 1898 490 1944 auctore:
534 1886 598 1940 ad
643 1885 918 1940 minimum
956 1892 1069 1938 erat
1100 1883 1247 1936 dives
1288 1890 1342 1935 ct
1381 1880 1600 1942 n-tbiiis.
1647 1886 1706 1933 ut
1746 1894 1810 1934 ex

230 1995 380 2035 vers.
405 1979 509 2034 589
537 1978 627 2031 lib.
656 1992 712 2030 ιιι
740 1977 987 2045 co'ligerc
1017 1975 1084 2029 lic
1122 1986 1138 2027 t
1165 1991 1176 2026 :
1528 2029 1534 2034 ,

361 2071 568 2132 Agmina
588 2081 841 2117 servorum
865 2066 1082 2127 fugiunt,
1103 2075 1348 2128 tempserc
1374 2067 1603 2116 clientes.

233 2151 293 2207 Id
324 2152 466 2206 enim
499 2159 738 2204 recenset
773 2151 909 2203 inter
935 2150 1063 2202 alia:
1097 2150 1366 2204 molestias
1396 2149 1585 2219 quibus
1613 2146 1815 2217 afflige-

237 2244 418 2298 batur.

829 2311 1052 2366 CAl’UT
1091 2311 1226 2365 XIII.

544 2402 803 2472 Confessio
831 2414 878 2456 et
907 2405 1194 2472 pauitantia
1228 2403 1509 2457 Dracontii.

313 2522 437 2577 19.3.
479 2521 588 2576 lloc
615 2521 896 2576 discrimen
926 2521 1145 2574 interest
1182 2521 1317 2575 inter
1346 2537 1561 2576 carmen
1601 2521 1668 2576 de
1704 2522 1814 2577 Deo

238 2625 295 2670 et
326 2615 589 2683 Elegiam,
631 2613 773 2683 quod
813 2614 866 2667 in
911 2613 1086 2682 Elegia
1118 2613 1432 2669 Dracontius
1473 2629 1648 2683 regem
1678 2616 1811 2668 alio.

238 2720 434 2774 qucns,
456 2704 676 2774 ejusque
696 2704 914 2773 gratiam
939 2704 1202 2759 demereri
1228 2706 1468 2771 cupiens,
1493 2707 1625 2774 petit
1649 2708 1810 2760 vitam

239 2795 342 2850 sibi
361 2796 632 2864 prorogari
655 2804 710 2850 ut
730 2795 912 2850 laudes
930 2795 1280 2850 Vandalorum
1297 2806 1479 2860 canat;
1505 2797 1554 2850 in
1579 2799 1814 2853 carmine

239 2895 367 2954 post
395 2885 743 2940 humillimam
770 2885 1052 2940 criminum
1077 2901 1294 2940 suorum
1320 2885 1709 2942 confessionem
1736 2888 1816 2943 sic

243 2974 409 3031 Deum
442 2985 686 3043 precatur
714 2991 854 3030 vers.
880 2976 983 3030 665
1012 2976 1104 3028 lib.
1128 2991 1182 3029 ιιι
1209 2993 1222 3028 :

368 3067 625 3128 Servatum
651 3079 879 3127 reparare
895 3067 1014 3123 jube
1039 3067 1222 3128 pietate
1245 3075 1403 3128 sueta,

375 3125 436 3176 Ut
461 3140 652 3175 merear
676 3125 871 3176 cantare
897 3136 1002 3176 tuas
1027 3125 1114 3189 per
1138 3129 1346 3175 carmina
1363 3125 1546 3174 laudes.

316 3209 441 3264 124.
485 3209 746 3264 Praeterea
784 3209 1313 3264 animadvertendum
1355 3218 1436 3262 est
1478 3208 1811 3262 Dracontium

243 3299 296 3354 in
330 3299 511 3368 Elegia
542 3299 764 3355 innuere
791 3301 992 3354 crimen
1020 3313 1174 3354 suum
1207 3315 1309 3353 non
1343 3298 1484 3352 aliud
1519 3298 1680 3352 fuisse
1712 3299 1813 3354 nisi

240 3394 383 3462 quod
412 3394 620 3447 hostem
651 3391 876 3460 aliquem
914 3391 1054 3459 regis
1080 3389 1438 3444 Vandalorum
1466 3389 1701 3444 carmine
1725 3403 1815 3443 ce-

243 3484 529 3538 lebrasset.
582 3483 671 3546 Et,
703 3491 757 3535 ut
785 3480 1110 3550 conjectnris
1147 3480 1543 3550 indulgeamus,
1592 3479 1815 3534 fortasse

240 3572 491 3626 Castinus
534 3570 632 3626 fuit
674 3571 761 3625 ille
799 3585 954 3639 quem
997 3569 1305 3624 laudaverat
1344 3570 1676 3624 Dracontius.
1725 3570 1816 3625 Sic

238 3664 384 3718 enim
432 3663 594 3717 habet
633 3663 836 3718 ldacius
879 3663 944 3716 ad
993 3677 1117 3715 ann.
1142 3661 1284 3716 θὶς
1317 3663 1552 3716 Castinus
1580 3663 1817 3731 magister

239 3754 463 3808 militum
489 3769 603 3806 cum
633 3769 815 3824 magna
844 3769 996 3806 manu
1027 3763 1070 3805 et
1097 3753 1301 3806 auxiliis
1323 3751 1601 3806 Gothorum
1625 3752 1815 3806 bellum

239 3846 293 3897 in
322 3843 510 3896 Βιττίδα
563 3843 808 3897 Vattdalis
843 3845 1028 3914 infert;
1071 3861 1192 3913 quos
1234 3859 1347 3896 cum
1387 3843 1455 3896 ad
1491 3844 1713 3912 inapiam
1768 3845 1817 3898 vi

240 3937 518 3990 obsidionis
549 3946 795 4003 arctaret,
834 3938 959 3990 adeo
998 3951 1052 3990 ut
1090 3953 1142 3990 se
1178 3937 1377 3989 tradere
1405 3938 1517 4006 jam
1545 3945 1814 4007 pararent,

240 4028 527 4081 inconsulte
574 4026 771 4096 publico
824 4028 1097 4080 certamine
1146 4030 1456 4098 conﬂigens,
1505 4028 1817 4081 auxiliorum

240 4119 429 4189 fraude
465 4119 720 4187 deceptus,
760 4118 828 4170 ad
863 4117 1202 4171 Tarraconam
1238 4121 1395 4172 victus
1436 4119 1632 4191 effugit.
1685 4120 1815 4173 Dum

242 4207 470 4262 Vandali
501 4208 549 4260 vi
581 4207 875 4261 obsidionis
901 4207 966 4261 ad
996 4207 1224 4275 inpiam
1258 4209 1456 4262 redacti
1484 4221 1657 4272 erant,
1686 4219 1817 4264 tem-

241 4313 344 4368 pus
374 4297 544 4367 potuit
574 4297 740 4351 videri
766 4307 1120 4366 opportunum
1159 4308 1216 4353 ut
1253 4299 1444 4367 aliquis
1469 4301 1555 4368 qui
1585 4301 1816 4354 nondum

241 4391 412 4446 corde
435 4391 758 4460 fsocietatem
802 4392 1159 4446 Romanorum
1201 4394 1510 4460 expulerat,
1543 4392 1816 4448 Castinum

240 4483 438 4537 ducem
467 4482 706 4536 versibus
742 4481 1045 4536 extolleret.
1093 4483 1344 4550 Quamvis
1390 4494 1566 4538 autem
1615 4485 1816 4537 nullum

241 4575 529 4644 vestigium
559 4576 810 4630 carminis
835 4577 978 4647 quod
1018 4585 1145 4631 tunc
1184 4576 1496 4632 Dracontius
1521 4580 1819 4644 composuit

239 4665 312 4720 ad
346 4680 446 4719 nos
474 4667 797 4733 pervenerit,
823 4667 940 4735 ejus
968 4675 1144 4722 tamen
1176 4668 1480 4721 testimonio
1505 4679 1710 4722 certum
1738 4677 1821 4723 est

240 4756 451 4811 editum
482 4759 550 4810 ab
579 4758 668 4812 illo
696 4758 857 4812 fuisse
896 4773 1110 4814 carmen
1155 4775 1260 4828 quo
1304 4775 1392 4814 rex
1435 4759 1671 4814 offensus
1700 4759 1816 4814 fuit.

241 4848 362 4904 Nec
389 4847 686 4903 mirandum
715 4859 797 4904 est
826 4849 928 4904 hoc
959 4865 1062 4903 non
1090 4863 1368 4918 superesse
1396 4864 1642 4914 carmen,
1680 4851 1819 4919 quod

213 4960 215 4962 ·
241 4939 497 5006 Vandali,
529 4942 616 5010 qui
647 4942 696 4995 in
727 4942 917 4998 Battica
949 4950 1072 4998 tunc
1101 4959 1276 4999 rerum
1307 4943 1659 5013 potiebantur,
1695 4960 1823 5014 sup-

239 5032 486 5102 primere
509 5030 827 5087 debuerunt.

316 5121 448 5180 125.
492 5121 804 5180 Dracontius
834 5126 886 5180 in
918 5127 1156 5181 carmine
1179 5126 1247 5182 de
1277 5127 1403 5191 Deo,
1436 5125 1525 5182 ubi
1559 5142 1624 5182 ex
1659 5127 1822 5182 animi

236 5216 512 5272 sententia
545 5226 758 5286 peccata
784 5233 875 5272 sua
904 5219 1096 5273 fatetur
1121 5233 1297 5273 coram
1329 5221 1455 5282 Deo,
1484 5220 1550 5274 de
1577 5219 1678 5275 hoc
1705 5236 1823 5275 car-

238 5308 398 5362 mine
427 5307 645 5361 omnino
661 5308 766 5378 97
786 5308 926 5374 silet,
953 5307 1177 5364 fortasse
1202 5309 1324 5378 quia
1353 5309 1568 5376 putabat
1597 5311 1698 5364 alia
1725 5310 1824 5365 sibi

235 5414 373 5455 esse
401 5399 624 5454 crimina
663 5401 905 5470 graviora
935 5418 1052 5470 qua:
1091 5411 1150 5456 ιιι
1189 5403 1398 5471 puniret
1431 5403 1590 5470 Deus,
1622 5420 1741 5459 eum
1770 5407 1825 5460 in

241 5491 352 5544 has
380 5503 514 5559 quas
541 5490 843 5559 patiebatur
868 5492 1196 5548 calamitates
1223 5493 1458 5549 incidere
1484 5497 1822 5564 permiserat.

237 5579 304 5637 In
340 5580 520 5650 Elegia
546 5597 686 5637 vers.
715 5581 815 5637 105
839 5585 948 5638 ait:

375 5668 635 5738 TeAcot-am
661 5673 861 5738 primum
880 5686 958 5722 me
980 5675 1205 5722 carminis
1230 5674 1354 5738 illius
1376 5687 1515 5738 ausu,

442 5731 580 5791 Quod
605 5733 728 5784 male
754 5733 983 5795 disposui,
1010 5738 1211 5794 pit-uitet
1237 5743 1287 5786 et
1309 5736 1481 5788 fateor.

1905 931 2100 986 cedunt
2123 931 2361 985 nonnulli
2388 932 2661 1002 colligent.
2696 933 2782 988 Sic
2807 933 2945 988 enim
2976 933 3050 988 ait
3078 953 3091 990 :

2034 1043 2245 1100 Quorum
2256 1045 2452 1107 primus
2475 1058 2568 1106 ego
2591 1044 2842 1107 plusquam
2868 1053 3089 1106 peccator
3118 1045 3386 1094 habendus.

2034 1107 2233 1162 Quando
2253 1103 2438 1153 fatebor
2460 1103 2847 1154 enim'scelernm
2870 1103 3145 1162 i'umerum,
3159 1114 3300 1164 atque
3318 1109 3486 1156 reatus

2035 1166 2255 1227 Pectoris
2278 1174 2329 1213 et
2353 1167 2550 1216 carnis?
2574 1179 2666 1214 non
2691 1168 2730 1213 si
2753 1168 2868 1214 mihi
2889 1168 3051 1216 ferrea
3084 1182 3171 1216 vox
3199 1170 3280 1227 sit,

2035 1226 2131 1288 Ora
2157 1233 2233 1288 tot,
2250 1235 2518 1288 exsurgant
2541 1236 2656 1287 quot
2678 1227 2854 1276 dentes
2877 1230 3064 1276 ossibus
3081 1229 3262 1284 albent,

2038 1287 2136 1350 Aut
2158 1287 2273 1334 mihi
2300 1287 2601 1350 sint'linguze
2624 1294 2828 1348 quantos
2849 1297 2994 1348 caput
3016 1303 3160 1337 onine
3180 1289 3374 1347 capillos

2037 1349 2276 1410 l’ectinat,
2300 1349 2511 1410 explebo
2538 1362 2790 1397 numerum
2813 1351 2919 1397 sine
2941 1350 3108 1396 fraude
3129 1350 3338 1398 fidelem.

2037 1409 2135 1457 Sed
2157 1409 2274 1456 satis
2299 1417 2374 1458 est
2397 1413 2579 1459 dixisse
2603 1423 2741 1458 reum
2763 1412 2853 1458 sub
2871 1411 3072 1458 crimine
3096 1421 3287 1459 cuncto.

2036 1472 2172 1525 Quod
2193 1476 2271 1518 tua
2294 1471 2426 1528 jussa
2452 1478 2635 1530 vetant,
2660 1470 2794 1519 solus
2815 1483 3045 1531 peccasse
3069 1470 3276 1528 fatebor,

2035 1532 2190 1578 Omne
2217 1533 2341 1590 quod
2369 1533 2612 1580 horrescis
2637 1545 2730 1580 non
2751 1546 2827 1579 me
2847 1531 3020 1580 fecisse
3043 1532 3296 1592 negabo...

2039 1591 2168 1651 Ergo
2196 1604 2291 1651 ego
2315 1594 2548 1642 confiteor
2574 1593 2841 1640 miseranda
2867 1600 3032 1642 mente
3055 1591 3242 1642 reatum

2040 1654 2264 1709 I’lenum,
2291 1655 2475 1712 grande
2501 1655 2678 1702 malum
2703 1667 2797 1702 non
2818 1669 2913 1702 uno
2935 1656 3139 1704 crimine
3170 1661 3375 1711 partum.

2036 1713 2152 1761 Nam
2176 1715 2336 1762 scelus
2357 1728 2499 1763 omne
2525 1727 2685 1762 meum
2709 1729 2936 1764 numeros
2958 1716 3212 1772 superabit
3235 1726 3398 1763 arente

2038 1775 2253 1830 littoris.
2279 1785 2325 1824 et
2349 1776 2510 1835 pelagi
2536 1779 2723 1824 vincent
2750 1777 2870 1824 mala
2899 1786 3058 1824 nostra
3085 1775 3315 1836 liquores.

2040 1836 2142 1884 Non
2169 1845 2280 1895 puto
2305 1837 2532 1884 diluvium
2557 1843 2714 1886 tantos
2738 1840 2935 1896 punisse
2959 1845 3123 1884 reatus

2039 1899 2252 1959 Quantos
2279 1900 2381 1959 ipse
2406 1911 2528 1957 gero
2547 1898 2794 1959 culparum
2822 1899 3035 1958 pondere
3062 1910 3273 1956 pressus.

2041 1957 2260 2006 Flumina
2287 1956 2365 2006 me
2387 1956 2638 2007 seelerum‘
2652 1956 2862 2018 rapiunt,
2895 1962 3214 2018 quatiuntque
3242 1956 3485 2020 procella,

2044 2020 2099 2066 lit
2125 2027 2432 2078 peccatorum
2457 2027 2648 2068 torrens
2670 2020 2811 2068 simul
2839 2021 3000 2068 obruit
3020 2020 3161 2068 unda.

2046 2080 2122 2127 Me
2147 2081 2436 2128 delictorum
2455 2088 2734 2128 merserunt
2757 2081 2977 2128 fluctibus
2995 2094 3179 2134 amnes,

2043 2139 2208 2202 Usque
2231 2142 2435 2189 animam
2462 2143 2595 2191 venit
2620 2141 2746 2190 unda
2771 2153 2946 2204 meam,
2973 2144 3134 2204 gravis
3156 2143 3325 2263 horret»
3341 2153 3486 2201 aqua.

3301 2217 3424 2252 rum.

3301 2217 3424 2252 rum.

1918 2282 2039 2339 llaec
2062 2283 2237 2339 omnia
2271 2284 2368 2337 nisi
2401 2291 2719 2354 exaggerata
2754 2300 2784 2338 a
2818 2284 3102 2339 Dracontio
3130 2298 3251 2340 esse
3271 2299 3487 2339 censea~

1917 2391 2053 2437 mus,
2083 2374 2480 2430 sceleratiorem
2517 2390 2582 2430 eo
2612 2375 2878 2431 neminem
2911 2375 3074 2430 fuisse
3113 2375 3416 2430 credemus.

1988 2465 2108 2519 1.26.
2137 2465 2193 2520 In
2226 2465 2618 2535 prolegomenis
2646 2465 2715 2520 ad
2742 2465 3088 2521 Prudentium
3111 2482 3229 2537 cap.
3257 2467 3314 2532 2,
3339 2481 3488 2520 num.

1915 2555 1982 2610 Η
2014 2566 2068 2611 et
2096 2572 2246 2626 seqq.
2281 2558 2506 2626 probare
2538 2566 2762 2614 conatus
2799 2574 2916 2613 sum
2955 2558 3115 2614 verba
3159 2559 3354 2628 quibus
3396 2572 3488 2614 sua

1916 2649 2136 2702 crimina
2172 2648 2494 2704 Prudentius
2543 2649 2594 2704 in
2641 2651 2954 2720 prmfatione
2982 2661 3218 2717 accusat,
3249 2667 3280 2706 a
3310 2652 3492 2706 mode-

1917 2741 2014 2793 stia
2044 2749 2098 2794 et
2129 2741 2428 2796 humilitate
2455 2741 2565 2813 98
2591 2741 2910 2797 Christianis
2927 2744 3084 2813 justis
3114 2743 3306 2798 usitata
3335 2757 3493 2812 posse

1917 2831 2133 2899 intelligi
2164 2831 2420 2900 profecta,
2461 2849 2632 2904 neque
2681 2835 2901 2891 innuere
2953 2837 3220 2891 hominem
3268 2837 3489 2906 insigni-

1917 2929 1998 2975 ter
2041 2923 2356 2976 sceleratum
2388 2933 2442 2978 et
2481 2924 2766 2993 perditum,
2797 2935 2854 2981 ut
2891 2928 2978 2981 alii
3018 2929 3175 2997 vulgo
3222 2928 3490 2997 interpre-

1919 3011 2184 3066 tabantur.
2216 3013 2398 3083 Neque
2421 3030 2561 3069 nunc
2586 3017 2802 3085 quidem
2833 3017 2988 3072 aliter
3017 3019 3188 3072 sentio
3213 3035 3226 3070 :
3251 3019 3356 3070 imo
3377 3019 3491 3072 hate

1920 3100 2028 3167 ipsa
2063 3101 2328 3156 Dracontii
2368 3105 2550 3170 verba,
2593 3121 2711 3175 quae
2751 3108 2992 3176 graviora
3039 3109 3304 3177 plerisque
3344 3109 3490 3164 vide-

1921 3191 2137 3259 buntur,
2170 3193 2360 3247 eodem
2389 3209 2550 3250 sensu
2574 3196 2799 3266 accipio.
2828 3198 2932 3253 Sed
2955 3199 3092 3268 quod
3116 3199 3181 3254 de
3207 3201 3492 3255 Prudentio

1919 3290 2042 3335 tunc
2074 3285 2203 3336 satis
2231 3294 2415 3353 aperte
2461 3287 2709 3355 iudicavi,
2742 3305 2883 3344 nunc
2909 3291 3053 3346 clare
3081 3292 3352 3361 profiteor,
3384 3307 3493 3347 non

1919 3372 1986 3426 ita
2029 3389 2114 3427 me
2162 3374 2298 3428 hanc
2340 3390 2554 3431 causam
2589 3393 2766 3449 agere,
2800 3383 2948 3449 quasi
2980 3390 3071 3435 aut
3114 3381 3181 3436 de
3220 3381 3492 3436 Prudentii

1917 3472 2007 3516 ant
2034 3463 2100 3518 de
2130 3463 2394 3519 Dracontii
2431 3468 2734 3524 innocentia
2767 3471 2984 3540 liqueat,
3017 3471 3109 3526 sed
3140 3471 3190 3526 id
3218 3487 3378 3526 unum
3410 3487 3494 3526 as-

1917 3567 2120 3617 serere,
2167 3569 2232 3608 ex
2279 3554 2463 3610 humili
2507 3574 2691 3614 eorum
2735 3562 3073 3617 confessione
3121 3574 3491 3631 argumentum

1919 3645 2024 3714 ρι-ιί
2068 3661 2170 3699 non
2213 3646 2410 3701 debere
2451 3650 2514 3702 ad
2561 3653 2872 3719 gravissima
2904 3653 2969 3707 de
2998 3654 3078 3707 eis
3115 3653 3314 3707 scelera
3343 3653 3490 3706 affir-

1919 3734 2128 3787 mtlnlI-I.
2167 3736 2512 3791 Luculentum
2554 3742 2857 3809 exemplum
2905 3757 3042 3795 nunc
3077 3742 3295 3795 afferam
3335 3757 3398 3794 ex
3429 3741 3489 3794 S.

1919 3825 2137 3894 Eugenii
2185 3826 2429 3881 Toletani
2476 3821 2722 3884 versibiis
2770 3831 2820 3884 in
2868 3830 3126 3886 Lamento
3153 3832 3222 3886 de
3261 3832 3490 3885 adventu

1920 3915 2146 3984 pr0priae
2175 3919 2486 3981 senectutis,
2513 3917 2610 3972 lib.
2641 3935 2676 3982 ι,
2703 3934 2872 3972 carm.
2907 3918 2971 3972 li
3000 3937 3013 3974 ε

2045 4003 2294 4066 Oppressi,
2320 4010 2476 4068 rapui,
2499 4009 2691 4066 nudavi,
2717 4011 2914 4057 crimina
2941 4009 3075 4069 finxi,

2105 4069 2343 4126 Pauperis
2362 4070 2418 4116 ad
2442 4083 2610 4118 vocem
2636 4083 2774 4118 mens
2793 4083 2900 4119 mea
2920 4072 3061 4118 surda
3088 4070 3194 4120 fuit.

2045 4128 2242 4190 COt'l‘U|I
2270 4133 2512 4191 proprium
2540 4130 2714 4180 lascivo
2739 4132 2941 4179 vulnere
2968 4145 3160 4191 corpus,

2108 4191 2230 4254 Hinc
2251 4193 2417 4247 miser,
2440 4192 2550 4239 hinc
2575 4193 2793 4254 pavidus,
2820 4192 2930 4241 hinc
2953 4192 3248 4242 temulentus
3272 4206 3348 4244 eo.

2047 4251 2186 4315 Nulla
2209 4265 2344 4300 meas
2367 4251 2584 4315 unquam
2601 4255 2741 4301 venia
2768 4251 3065 4314 compescuit
3091 4255 3207 4315 iras,

2105 4313 2208 4362 Nec
2227 4315 2334 4363 sine
2358 4314 2473 4362 felle
2497 4314 2682 4374 furens,
2709 4327 2801 4363 nec
2828 4317 2934 4363 sine
2960 4316 3095 4364 caede
3121 4313 3204 4363 fui.

1923 4399 1998 4452 Ac
2030 4412 2094 4449 ne
2120 4397 2238 4466 quis
2269 4396 2334 4450 de
2376 4405 2595 4450 auctore
2632 4396 2857 4461 dubitet,
2904 4412 3094 4452 nomen
3131 4398 3181 4451 in
3227 4407 3496 4468 postremo

1850 4509 1900 4568 ι)
1925 4497 2253 4557 pentametro
2283 4487 2530 4556 exprimit
2556 4505 2568 4536 :

2113 4576 2332 4637 Eugenio
2356 4579 2532 4626 misero
2557 4577 2638 4637 sit,
2666 4589 2802 4638 rogo,
2829 4590 2965 4639 pmna
2986 4577 3122 4627 levis.

1925 4659 2092 4714 Nemo
2140 4663 2413 4729 negaverit
2460 4658 2726 4714 difficilius
2770 4674 2889 4714 esse
2931 4661 3044 4714 haec
3081 4660 3239 4714 verba
3275 4660 3494 4730 Eugenii

1928 4749 2154 4818 benigne
2190 4750 2549 4818 interpretari,
2585 4764 2741 4819 quam
2781 4765 2900 4820 qua:
2942 4766 2969 4802 a
3014 4749 3296 4804 Dracontio
3324 4752 3374 4805 in
3405 4768 3496 4822 ge-

1928 4857 2057 4896 nere
2086 4849 2288 4894 tantum
2317 4840 2656 4910 proferuntur
2687 4857 2698 4892 :
2727 4855 2847 4894 nam
2878 4839 3147 4908 Eugenius
3185 4839 3250 4894 ad
3291 4843 3497 4910 species

1929 4936 2069 5004 ipsas
2101 4933 2380 4989 horrenda:
2409 4933 2686 5004 cujusdam
2735 4933 3027 5004 iniquitatis
3063 4922 3385 4989 descendere
3415 4936 3497 4988 vi-

1930 5026 2106 5082 detur.

2001 5117 2123 5171 l27.
2156 5113 2399 5170 Profecto
2446 5115 2710 5179 Barthius,
2741 5116 2828 5186 qui
2862 5117 2952 5174 lib.
2989 5133 3051 5170 Lv
3088 5115 3335 5183 Advers.,
3377 5131 3493 5186 cap.

1931 5206 2016 5272 II,
2051 5205 2150 5259 hoc
2174 5219 2386 5259 carmen
2416 5203 2634 5273 Eugenii
2666 5205 3064 5273 interpretatur,
3086 5207 3356 5276 conceptis
3378 5224 3499 5262 ver-

1927 5298 2008 5353 bis
2034 5299 2108 5353 sit
2140 5314 2152 5349 :
2183 5295 2480 5364 Corrupisse
2517 5312 2572 5348 se
2601 5296 2862 5366 proprium
2902 5313 3084 5367 corpus
3115 5297 3499 5350 scortationibus

1928 5388 2116 5441 dicit...
2160 5385 2342 5440 Fuisse
2375 5394 2542 5437 autetu
2571 5384 2639 5437 ad
2667 5386 2773 5437 ha'c
2803 5385 2984 5438 delicta
3014 5387 3298 5456 proniorem
3331 5383 3499 5456 Euge-

1928 5482 2074 5536 nium
2118 5499 2180 5536 επ
2222 5483 2584 5553 epigrammate
2623 5481 2775 5534 etiam
2811 5483 2956 5536 tertio
2997 5481 3164 5536 doceri
3207 5481 3497 5552 possumus,

1927 5572 2012 5625 ubi
2037 5573 2108 5624 ait
2136 5588 2154 5624 :

2055 5681 2192 5729 Nunc
2218 5685 2405 5729 rectum
2424 5681 2832 5740 scquimur,nunc
2858 5693 3050 5740 pravum
3076 5679 3222 5732 corde
3245 5688 3495 5738 tenemus;

2053 5743 2190 5793 Nunc
2211 5743 2359 5792 sancti
2380 5745 2592 5802 castique
2617 5755 2797 5804 sumus,
2817 5756 2942 5792 nunc
2965 5751 3120 5795 scorta
3144 5743 3376 5794 fovemus.
