4016 6280
563 324 668 382 667

1970 325 2419 385 ηιιλαοΝτιυε.

3713 338 3806 398 668

567 438 683 492 Etsi
705 438 840 492 enim
869 455 926 493 eo
951 439 1062 494 loco
1087 438 1365 511 generatim
1399 437 1637 509 loquatur
1675 438 1738 492 de
1776 438 1955 492 mentis
2000 438 2139 507 apud
2165 442 2214 495 Δ
2243 445 2352 492 tum
2383 440 2561 505 mittit,
2594 440 2854 508 celebrat;
2891 443 3136 500 eumdem
3176 445 3667 503 Chindasuiuthum
3695 452 3804 506 reli-

569 546 741 584 ontnes
771 532 994 584 homines
1017 531 1356 584 inconstantia
1389 538 1436 584 et
1475 531 1734 600 {utilitate,
1763 546 1857 584 sua
1881 539 2047 583 tamen
2072 545 2134 583 ex

568 621 776 690 propria
818 621 1121 676 conscientia
1159 632 1207 674 et
1247 622 1362 675 uiue
1401 630 1647 675 anteactis
1686 620 1995 687 experientia
2034 620 2132 673 ista

568 711 738 765 omnia
777 719 994 766 recenset
1033 721 1182 781 atque
1209 713 1523 779 detestatur;
1552 713 1739 782 fatetur
1763 720 1929 765 autem
1956 711 2131 765 eodem

567 799 635 854 12
654 801 878 855 carmine
891 803 1048 856 etiam
1073 803 1210 857 crede
1233 803 1344 873 99
1366 819 1419 858 se
1443 818 1626 868 purum
1656 819 1757 856 non
1798 802 1974 872 fuisse.
2008 800 2129 855 Non

563 892 694 944 enim
722 893 867 944 aliter
894 909 1046 962 quant
1075 897 1150 946 uti
1175 901 1380 960 sonant,
1414 894 1712 964 simpliciter
1741 909 1803 947 ea
1841 892 1988 948 verba
2014 901 2130 944 sunt

562 980 955 1050 intelligenda...
986 981 1310 1036 Juventutem
1344 1000 1396 1036 se
1425 999 1513 1050 per
1543 982 1814 1035 libidinum
1844 982 2014 1035 omnia
2045 998 2130 1052 ge-

560 1087 680 1125 nera
701 1072 978 1127 decurrisse
1006 1076 1172 1139 fassus
1200 1083 1292 1128 est.
1325 1074 1450 1128 Haec
1490 1073 1757 1138 Barthius,
1779 1073 1866 1143 qui
1892 1074 1936 1128 si
1967 1072 2134 1126 vidis-

559 1171 640 1215 set
663 1163 764 1216 alia
795 1164 1027 1217 carmina
1055 1165 1272 1234 Eugenii
1303 1180 1366 1218 ex
1396 1164 1579 1218 codice
1617 1163 1900 1232 Azagrensi
1935 1162 2128 1216 Μαιῆιί

558 1258 722 1323 edita,
751 1259 968 1314 uberius
997 1259 1302 1327 opinionem
1325 1273 1476 1312 suam
1507 1258 1874 1313 confirmasset
1893 1255 2129 1310 carmine

561 1353 585 1402 1
623 1350 712 1404 lib.
747 1366 802 1414 ιι,
829 1350 970 1420 quod
1000 1350 1219 1418 incipit:

807 1439 932 1488 Mole
966 1440 1212 1500 culparum
1237 1441 1451 1500 graviter
1475 1446 1695 1499 onustus,

811 1501 1020 1551 Crimine
1045 1514 1279 1563 summus,
1307 1502 1432 1549 vitiis
1459 1501 1721 1548 abundans.

635 1582 755 1635 128.
791 1581 1006 1634 Barthio
1035 1597 1098 1636 ex
1130 1583 1240 1634 sola
1276 1581 1493 1650 Eugenii
1521 1579 1856 1635 confessione
1877 1576 2124 1633 assentiri

559 1686 663 1725 non
691 1671 964 1736 auderem,
993 1671 1198 1726 etiamsi
1231 1672 1331 1726 alia
1361 1667 1608 1726 deessent
1641 1680 1980 1726 monumenta
2007 1685 2128 1740 qua:

558 1761 818 1829 ejusmodi
847 1762 1046 1816 scelera
1077 1762 1144 1816 ab
1184 1762 1419 1832 Eugenio
1457 1764 1773 1828 repellerent
1799 1780 1811 1816 :
1837 1778 1978 1817 nunc
2005 1778 2122 1817 cum
2155 1785 2204 1844 Β

562 1854 675 1906 Ι)ωο
713 1853 905 1917 adsint,
957 1855 1112 1922 plane
1153 1853 1429 1908 dissentio.
1473 1856 1607 1909 Audi
1656 1854 2125 1923 locupletissimum

557 1949 746 1995 testem
770 1942 1086 1998 lldelonsum
1121 1946 1172 1998 in
1198 1946 1416 2015 Eugenii
1441 1946 1554 1999 Vita
1581 1962 1595 1999 :
1630 1947 1731 1999 llic
1763 1963 1878 2000 cum
1904 1947 2127 2001 ecclesias

554 2034 706 2102 regia:
743 2036 953 2088 clericus
994 2046 1118 2090 esset
1162 2040 1413 2108 egregius.
1445 2042 1543 2092 vita
1579 2040 1814 2093 monachi
1849 2041 2124 2094 delectatus

553 2131 649 2175 est.
685 2123 784 2190 Qui
821 2127 991 2195 sagaci
1026 2128 1149 2198 fuga
1185 2129 1356 2181 urbem
1384 2128 1894 2197 Cwsaraugustanam
1931 2142 2119 2202 petens,

557 2211 665 2264 illic
694 2223 978 2284 martyrum
1008 2217 1249 2283 sepulcris
1284 2219 1502 2284 iuluesit,
1533 2221 1696 2288 ibique
1725 2223 1894 2275 studia
1917 2224 2120 2292 sapien-

555 2305 639 2356 tia:
681 2313 726 2356 et
771 2306 1080 2374 propositum
1130 2310 1361 2362 monac/ti
1407 2311 1639 2365 decenter
1684 2314 1894 2367 incoluit
1936 2331 1957 2369 :
1992 2317 2124 2370 unde

557 2395 827 2460 principali
854 2398 1086 2451 violentia
1110 2401 1350 2455 reductus
1372 2413 1521 2472 atque
1548 2404 1597 2456 iu
1626 2406 1969 2472 pontiﬁcatum
1991 2407 2120 2459 asci-

555 2492 655 2543 tus,
684 2486 833 2536 vitam
859 2486 972 2555 plus
995 2487 1231 2541 virtutum
1253 2493 1440 2545 nteritis
1468 2510 1619 2560 quam
1643 2495 1828 2546 viribus
1849 2496 1968 2562 egit.
1997 2493 2119 2550 Fuit

559 2573 690 2625 enim
736 2591 942 2641 corpore
981 2581 1164 2647 tenuis,
1211 2598 1396 2651 parcus
1425 2585 1624 2649 robore,
1653 2586 1738 2638 sed
1765 2587 1928 2639 valide
1956 2591 2117 2655 ferre-

552 2681 694 2718 scens
731 2669 938 2737 spiritus
968 2670 1167 2725 virtute.
1199 2673 1420 2728 Caditne
1455 2674 1506 2727 id
1536 2676 1760 2744 elogium
1795 2679 1844 2731 in
1874 2693 1992 2731 eum
2026 2680 2121 2731 ho-

553 2756 746 2811 minem
778 2760 984 2827 qualem
1015 2762 1168 2817 nobis
1197 2763 1448 2818 describit
1497 2765 1776 2821 Barthius?
1816 2769 1993 2838 Neque
2023 2785 2120 2839 op-

553 2865 716 2918 ponas
750 2854 1034 2921 Eugenium
1080 2855 1370 2925 juventutis
1419 2874 1528 2913 sum
1567 2860 1785 2914 crimina
1835 2877 2114 2928 accusare;

549 2954 668 2993 nam
719 2940 966 2998 lldelorrsi
1017 2947 1372 3000 testimonium
1431 2950 1594 3003 vitam
1652 2951 1703 3003 in
1759 2951 2117 3006 adolescentia

548 3031 754 3100 integre
798 3045 846 3087 et
889 3036 972 3103 pie
1010 3047 1180 3091 actam
1208 3039 1508 3108 conﬁrmat,
1541 3052 1593 3096 et
1625 3043 1738 3111 ipse
1771 3043 2036 3114 Eugenius
2065 3047 2113 3098 in

545 3125 814 3191 epitaphzo
839 3137 1001 3182 totum
1032 3144 1142 3185 sua:
1173 3134 1291 3186 vita:
1324 3145 1530 3205 tempus
1551 3138 1908 3206 comprehend

547 3213 672 3267 inde
699 3219 846 3282 quasi
879 3219 944 3270 ad
971 3219 1172 3274 obitum
1205 3239 1372 3291 usque
1401 3227 1692 3280 sceleribus
1721 3231 1876 3282 tuerit
1902 3232 2109 3284 involuo

544 3312 648 3355 tus.
682 3304 819 3370 Quid
863 3306 1019 3372 igitur
1061 3319 1240 3370 restat,
1289 3314 1388 3366 nisi
1437 3325 1493 3367 ut
1532 3316 1770 3370 dicamus
1819 3317 2108 3388 Eugenium

542 3394 771 3460 quodam
821 3410 981 3451 sensu
1033 3400 1208 3453 minus
1253 3407 1484 3471 prOprio,
1528 3408 1620 3460 sed
1666 3423 1794 3462 vero
1836 3420 1888 3462 ct
1927 3409 2108 3467 humili

545 3483 708 3554 loqui,
739 3495 792 3540 ut
822 3490 1016 3544 veritas
1046 3493 1098 3546 in
1131 3494 1244 3560 ejus
1271 3495 1424 3552 dictis
1457 3513 1576 3553 cum
1613 3499 1908 3556 humilitate
1936 3504 2111 3560 colite-

542 3584 673 3640 reat,
722 3594 890 3649 neque
932 3584 1093 3639 verba
1141 3597 1431 3643 ut~sonant
1471 3600 1560 3645 aut
1604 3606 1798 3650 sonare
1842 3595 2106 3664 videntur,

539 3667 848 3736 simpliciter
873 3673 1268 3745 intelligantur?

612 3761 730 3818 129.
777 3765 1045 3835 Eugenius
1075 3784 1248 3825 autem
1293 3791 1394 3830 non
1426 3792 1484 3832 se
1510 3780 1680 3834 solum
1713 3783 1885 3840 verbis
1915 3800 1977 3838 ex
2012 3785 2109 3840 liu-

537 3853 758 3911 militate
801 3855 1099 3917 Christiana
1151 3869 1430 3933 proiectis,
1485 3887 1670 3926 verum
1721 3877 1920 3942 etiam,
1963 3879 2106 3948 quod

537 3943 766 4009 mireris,
810 3947 1286 4009 Chindasuinthum
1339 3975 1514 4026 regem
1567 3963 1724 4016 simili
1773 3966 1951 4031 modo,
1993 3977 2108 4021 tan-

536 4045 689 4098 quam
725 4034 1021 4102 improbum
1055 4051 1106 4091 et
1138 4044 1389 4099 nefarium
1423 4048 1687 4103 hominem
1717 4051 2017 4122 descripsit.
2051 4057 2103 4111 In

537 4118 673 4172 libro
704 4136 738 4173 n
769 4125 1060 4180 carminum
1089 4129 1302 4198 Eugenii
1331 4149 1392 4187 ex
1425 4136 1609 4193 codice
1638 4118 1964 4211 Azagraaiin
1994 4146 2105 4200 edi-

533 4210 679 4265 tione
721 4212 1034 4280 Matritensi.
1065 4233 1278 4276 carmen
1311 4227 1375 4278 75
1411 4237 1492 4281 est
1523 4210 2106 4302 EpitaplriumC/rinda-

535 4302 736 4355 mintho
777 4307 882 4375 regi
910 4312 1266 4382 conscriptum,
1299 4316 1384 4370 ubi
1416 4318 1552 4373 inter
1574 4321 1676 4375 alia
1707 4323 1967 4393 Eugenius
1991 4327 2104 4383 tunc

531 4392 606 4445 ait
637 4408 650 4444 :
1403 4421 1406 4428 ·

657 4465 811 4564 ιρρ
832 4480 1595 4564 erindaspinthus‘egoportarum
1618 4508 1814 4560 semper
1837 4503 2035 4564 amicus,

715 4536 933 4618 l’atrator
950 4544 1190 4593 scelerum
1216 4536 1421 4618 lih'iudas
1432 4536 1751 4618 iititliu's'eg'ol:

650 4593 852 4683 Impius,
871 4605 1126 4683 obscttlnus,
1139 4611 1427 4683 .pruhrosus,
1455 4621 1502 4662 tu
1638 4593 1857 4683 iquns.

710 4657 896 4733 Optima
923 4664 1050 4733 nulla
1077 4657 1261 4731 volens,
1277 4657 1901 4733 pessima

1056 4734 1134 4806 Qui
1165 4718 1308 4805 pravi-ar

710 4781 1129 4854 aniaco'mnti'si,
1152 4781 1284 4854 pejor
1311 4781 1495 4847 evtiirnde
1511 4781 1598 4848 itii.

646 4840 893 4928 Nu‘l‘lafuit
919 4849 1054 4920 culpa
1069 4840 1226 4928 ﬂuant.
1241 4840 1666 4928 unﬁjc'difiiniiiére
1693 4864 1886 4928 vellem,

705 4904 943 4958 Maximus
966 4904 1014 4958 in
1037 4904 1180 4976 vitiis,
1207 4925 1257 4966 et
1281 4904 1408 4978 prior
1425 4904 1637 4983 ‘i‘psé'itii.

524 4983 750 5042 Restitui
779 4993 923 5061 pejor
951 5010 1046 5060 pro
1075 5001 1237 5066 pejus,
1272 5003 1408 5068 quod
1438 5004 1630 5072 legitur
1656 5008 1705 5061 in
1732 5009 1962 5068 editione
1987 5014 2096 5068 Ma-

523 5076 752 5132 tritensi.
793 5081 847 5134 lu
898 5082 979 5138 his
1018 5088 1262 5143 versibus
1304 5091 1529 5158 primum
1569 5111 1798 5166 agnosco
1840 5101 2090 5158 humilem

520 5173 980 5237 exaggerationem
1021 5179 1266 5234 vitiorum
1305 5183 1741 5254 Chindasuinthi;
1784 5193 1976 5250 deinde
2007 5213 2093 5250 ar-

521 5271 647 5323 guo,
691 5274 794 5313 non
837 5264 904 5317 ab
955 5266 1212 5338 Eugenio,
1255 5274 1348 5326 sed
1399 5276 1466 5328 ab
1514 5278 1627 5347 ipso
1670 5283 2091 5343 Chindasuintho

519 5347 847 5417 epitaphium
881 5355 1039 5413 fuisse
1065 5365 1438 5430 coarpositum.
1467 5368 1566 5434 Qui
1599 5373 1740 5427 enim
1771 5375 1883 5430 ﬁeri
1923 5380 2092 5447 potuit

520 5447 578 5488 ut
607 5437 872 5507 Eugenius
895 5458 984 5499 aut
1005 5449 1214 5508 vivente
1242 5455 1686 5526 Chindasuintlm,
1715 5473 1806 5519 aut
1829 5437 1944 5534 post
1975 5469 2091 5538 ejus

517 5528 720 5583 ub7tum
752 5541 828 5622 tot
860 5545 1070 5607 tamque
1095 5546 1271 5612 gravia
1304 5547 1524 5603 crimina
1549 5551 1619 5605 illi
1648 5528 1962 5622 imputaret?

743 5619 1197 5698 Prwlargissimam
1219 5637 1455 5704 pietatem
1484 5619 1888 5701 Cltindasuinthi
1912 5649 2085 5718 Euge-

518 5710 635 5766 uius
666 5713 781 5783 ipse
812 5717 865 5773 in
896 5721 1116 5784 epistola
1144 5742 1244 5789 qua
1277 5729 1615 5792 Dracontium
1662 5753 1690 5792 a
1735 5754 1793 5797 se
1833 5710 2084 5800 emenda-

2232 530 2403 598 giouis
2437 532 2751 601 pietatisque
2801 533 2952 589 laude
3001 535 3243 592 ﬂoruisse
3280 547 3506 604 constat,
3533 543 3626 611 qui
3658 545 3801 600 etiam

2235 623 2486 678 Taionem
2520 623 2741 678 Romam
2768 625 2992 695 legatum
3023 628 3186 694 misit,
3218 639 3275 684 ut
3306 632 3450 687 varia
3478 632 3542 688 S.
3569 633 3800 704 Gregorii

2230 729 2390 783 opera
2421 756 2435 777 ,
2465 732 2582 785 qua:
2619 718 2670 772 in
2705 717 2950 788 Hispania
2980 720 3441 792 desiderabantur,
3483 736 3795 798 asportaret,

2230 815 2284 863 et
2328 809 2564 875 Eugenio
2613 811 2919 866 mandatum
2968 813 3116 867 dedit
3161 823 3222 868 ut
3271 815 3544 871 Dracontii
3595 818 3795 876 libellos

2229 900 2540 969 corrigeret.
2585 901 2754 956 Utrum
2787 904 2838 956 in
2868 918 2933 958 eo
2963 906 3165 970 vitium,
3197 907 3347 974 cujus
3375 908 3631 964 distincta
3662 926 3794 967 men-

2231 992 2304 1045 tio
2328 992 2380 1046 in
2412 994 2683 1064 epitaphio
2713 1010 2820 1050 non
2845 1006 2949 1064 est,
2978 997 3207 1053 Mariana
3238 1000 3329 1055 lib.
3371 1016 3425 1055 γι
3457 1001 3599 1056 Hist.
3635 1004 3790 1075 Βίῳ,

2229 1098 2346 1151 cap.
2385 1084 2439 1149 8,
2482 1094 2647 1151 notat,
2693 1088 2948 1158 reliquam
2991 1090 3150 1144 vitam
3192 1091 3411 1146 laudat:
3442 1093 3683 1164 Regnum
3715 1113 3792 1166 per

2229 1175 2546 1244 tyrannidem
2577 1189 2878 1246 occupatum
2919 1182 3038 1234 bene
3083 1183 3253 1252 gessit,
3287 1184 3703 1255 inaugurationis
3724 1189 3790 1242 ri-

2226 1267 2349 1318 tium
2388 1269 2541 1322 totius
2571 1270 2684 1322 vitae
2713 1271 2956 1339 probitate
2987 1281 3136 1341 atque
3162 1276 3449 1328 constantia
3477 1292 3789 1347 compensare

2227 1366 2480 1426 satagens.
2513 1358 2625 1412 Non
2655 1375 2782 1429 ergo
2811 1361 3067 1431 Eugenio,
3101 1364 3192 1418 sed
3236 1367 3339 1434 ipsi
3375 1366 3788 1426 Cbindasuintho

2228 1445 2565 1502 tribuendum
2595 1459 2674 1502 est
2700 1451 2801 1504 huc
2829 1452 3179 1522 epitaphium.
3205 1455 3386 1526 Neque
3415 1457 3689 1515 immerito
3711 1477 3787 1516 so-

2227 1539 2542 1594 lertissimus
2579 1542 2753 1597 editor
2792 1545 3077 1601 cardinalis
3119 1547 3422 1604 [.nremana
3454 1562 3584 1606 ante
3612 1553 3786 1609 librum

2227 1631 2518 1686 secundum
2561 1635 2762 1688 monuit
2791 1650 2893 1689 non
2934 1651 3118 1692 omnes
3167 1654 3352 1694 versus
3381 1642 3469 1710 qui
3505 1642 3560 1696 in
3590 1659 3655 1698 eo
3678 1658 3782 1712 pro-

2230 1719 2486 1787 feruntur,
2515 1729 2885 1793 repraesentari
2918 1738 3164 1797 tanquam
3194 1747 3478 1800 germanus
3512 1735 3650 1790 fetus
3693 1737 3784 1792 Eu-

2230 1811 2389 1877 genii,
2423 1817 2666 1882 quamvis
2712 1817 2763 1870 in
2807 1819 2990 1872 codice
3032 1821 3316 1889 Azagrensi
3352 1839 3546 1880 omnes
3573 1828 3669 1882 sub
3691 1844 3779 1883 uno

2231 1904 2451 1972 Eugenii
2484 1907 2696 1962 nomine
2726 1911 2913 1964 ordine
2941 1913 3192 1966 continuo
3221 1917 3560 1984 reperiantur
3594 1921 3777 1989 scripti,

2226 2004 2277 2048 et
2304 1997 2551 2062 permixti
2585 1999 2688 2051 illis
2727 2015 2860 2069 quos
2897 2002 3004 2069 jam
3041 2014 3171 2058 ante
3193 2004 3514 2062 Sirmondus
3540 2011 3780 2066 ediderat.

2228 2083 2370 2139 inter
2397 2086 2516 2140 illos
2544 2088 2686 2157 ipsos
2716 2105 2848 2158 quos
2881 2091 3192 2149 Sirmondus
3233 2097 3570 2166 vulgaverat,
3623 2103 3776 2169 plures

2225 2189 2342 2228 esse
2372 2177 2458 2245 qui
2493 2177 2781 2247 Eugenium
2809 2197 2910 2234 non
2937 2183 3131 2238 habent
3151 2196 3443 2249 auctorem,
3473 2189 3629 2245 facile
3653 2202 3775 2246 esset

2223 2268 2525 2334 ostendere,
2560 2279 2616 2323 ut
2645 2285 2856 2326 carmen
2884 2273 2946 2327 21
2980 2274 3045 2329 de
3076 2277 3444 2334 inventoribus
3474 2281 3776 2347 litterarum,

2222 2357 2361 2424 quod
2409 2359 2459 2412 in
2509 2360 2824 2430 Authulugia
2871 2363 3054 2419 Latina
3100 2369 3386 2436 reperitur.
3439 2371 3507 2425 Et
3548 2375 3776 2443 quoniam

2223 2449 2543 2516 epitaphium
2575 2449 2982 2509 Chirulasuiuthi
3023 2457 3146 2512 huic
3181 2462 3552 2528 ascripsimus,
3584 2480 3816 2520 carmen-

2221 2537 2282 2591 51
2319 2538 2432 2592 libri
2460 2556 2473 2592 ι
2495 2541 2558 2593 de
2582 2541 2749 2595 Morte
2781 2545 2931 2616 ιοι
2957 2548 3187 2617 conjugis
3214 2548 3617 2605 Cltindasuinthi
3636 2556 3769 2624 regis,

2220 2642 2324 2696 quo
2355 2643 2444 2682 rex
2473 2630 2758 2699 alloquitur
2786 2634 3042 2703 reginam,
3077 2638 3205 2690 nihil
3239 2639 3489 2707 prohibet
3514 2644 3778 2710 quominus

2220 2718 2391 2773 eidem
2453 2723 2560 2791 regi
2615 2724 2994 2792 adjudiccmus.
3044 2727 3190 2794 Quod
3239 2731 3282 2784 si
3333 2730 3774 2788 Chindasuinthus

2220 2820 2406 2864 auctor
2444 2815 2525 2865 sui
2559 2813 2810 2883 epitaphii
2852 2818 3104 2882 creditur,
3138 2835 3233 2889 pro
3264 2837 3369 2876 uno
3405 2826 3651 2891 exemplo
3685 2827 3773 2880 Eu-

2217 2901 2358 2966 gcuii
2391 2904 2529 2969 quod
2564 2919 2962 2971 proposueram,
2991 2909 3099 2976 jam
3141 2910 3246 2963 duo
3274 2922 3436 2965 erunt
3465 2915 3776 2984 distinguen-

2219 2990 2283 3043 da
2307 3006 2325 3042 :
2347 3007 2411 3044 ex
2441 3009 2546 3060 quo
2567 2996 2731 3058 magis
2751 2998 3147 3053 conﬁrmabitur
3171 3001 3422 3057 humilem
3453 3018 3770 3071 peccatorum

2219 3081 2610 3138 confessionem
2656 3085 2921 3141 Dracontii
2973 3091 3087 3143 sine
3130 3090 3384 3160 improba:
3425 3095 3547 3148 vita:
3581 3097 3774 3150 infamia

1919 3147 2119 3251 1‘13"?"
2143 3147 2186 3209 (ἶ
2218 3179 2361 3226 stare
2402 3189 2574 3242 posse,
2605 3187 2656 3230 et
2685 3192 2803 3232 cum
2834 3183 3077 3251 exempla
3121 3183 3232 3238 lucc
3279 3184 3600 3242 humilitatis
3635 3189 3776 3243 Cbrio

2215 3264 2398 3318 stianrc
2435 3282 2496 3320 cx
2537 3267 2782 3336 Hispanis
2805 3272 2909 3326 sint
2937 3277 3117 3340 petita,
3149 3291 3280 3330 nova
3309 3280 3618 3347 conjecurra
3636 3297 3774 3336 δρω-

2215 3353 2327 3418 det,
2361 3357 2402 3408 si
2436 3372 2608 3412 tamen
2649 3376 2735 3414 res
2781 3379 2882 3418 non
2923 3365 3144 3420 obscura
3183 3370 3509 3438 conjecturis
3543 3390 3771 3440 cumpro:

2212 3443 2379 3498 bandu
2411 3456 2511 3510 est,
2538 3459 2593 3502 ut
2616 3465 2678 3503 ex
2703 3453 2861 3506 simili
2888 3455 3146 3512 modestia
3171 3459 3419 3528 lliSpanis
3451 3464 3770 3527 potis-imum

2211 3537 2402 3591 usitata
2458 3540 2761 3610 Hispaniam
2819 3545 3086 3603 Dracontii
3146 3554 3366 3620 patriam
3422 3571 3546 3610 esse
3595 3555 3770 3611 conﬁr-

2210 3643 2437 3688 memus.

2791 3731 3016 3786 CAPUT
3056 3734 3194 3790 XIV.

2423 3816 2622 3888 Slglus,
2657 3821 2904 3890 latinitas,
2934 3838 2982 3879 et
3017 3828 3257 3895 prosodia
3286 3829 3572 3888 Dracontii.

2283 3927 2406 3982 151.
2440 3927 2507 3982 ω
2532 3930 2600 3984 de
2642 3933 2761 3986 aliis
2788 3935 3034 3990 omnibus
3063 3939 3432 4006 scriptoribus,
3463 3941 3534 3994 ita
3565 3943 3630 3998 de
3651 3945 3770 3998 Dra-

2209 4017 2391 4069 contio
2419 4018 2629 4075 diversa
2659 4033 2782 4077 sunt
2814 4025 2956 4079 inter
2984 4041 3043 4079 se
3082 4027 3360 4082 doctorum
3392 4032 3667 4086 hominum
3692 4035 3769 4102 ju-

2207 4113 2366 4172 dicia.
2401 4115 2680 4184 Dupinius,
2716 4117 2965 4173 Biblioth.
3009 4121 3143 4174 Nov.
3191 4133 3319 4176 tom.
3350 4123 3440 4188 IV,
3490 4141 3610 4195 pag.
3644 4127 3771 4192 ξω,

2208 4206 2494 4261 barbarum
2527 4218 2583 4263 et
2615 4210 2942 4265 inconditum
2979 4213 3186 4268 dicendi
3216 4229 3384 4283 genus
3414 4216 3464 4270 in
3496 4217 3772 4272 Dracontio

2207 4304 2368 4350 taxat.
2392 4295 2712 4364 Ceillierius,
2739 4309 2867 4354 tom.
2890 4301 2980 4354 XV
2999 4301 3064 4356 de
3084 4293 3278 4370 Scrip't.
3302 4305 3525 4371 cccles.,
3550 4321 3669 4374 cap.
3682 4306 3772 4370 29,

2209 4386 2341 4441 nihil
2375 4388 2424 4442 in
2472 4389 2739 4446 Dracontii
2785 4403 3033 4459 poemate
3079 4395 3513 4452 consideratione
3558 4399 3771 4468 dignum

2127 4513 2179 4574 Β
2205 4493 2325 4534 esse
2354 4481 2662 4536 arbitratur.
2708 4477 2996 4539 Goldastus
3041 4485 3094 4538 in
3137 4487 3364 4555 epistola
3395 4487 3462 4541 ad
3491 4488 3772 4544 Wcitaium

2202 4570 2313 4624 ait:
2345 4569 2653 4626 Dracontius
2683 4575 2872 4644 probus
2915 4586 3093 4629 auctor
3119 4586 3209 4641 est,
3259 4579 3566 4643 concinnus,
3594 4591 3640 4634 et
3665 4582 3771 4649 ipsa

2201 4661 2442 4715 brevitate
2468 4665 2880 4719 commendabilis
2901 4707 2915 4730 ,
2949 4667 3037 4719 sed
3075 4667 3136 4719 ab
3163 4683 3269 4722 a'vo
3306 4671 3560 4738 sequiori:
3593 4672 3642 4723 in
3674 4685 3768 4740 quo

2199 4760 2364 4805 tamen
2408 4755 2737 4808 consimiliter
2775 4765 2828 4810 ut
2873 4758 2924 4810 in
2955 4757 3240 4812 Prudentia
3267 4761 3638 4830 elegantiarum
3673 4765 3767 4830 βο-

2195 4844 2327 4896 sculi
2351 4861 2440 4897 ceu
2467 4862 2706 4916 purpura:
2725 4848 2957 4917 quaedam
2980 4850 3148 4903 insita:
3167 4851 3464 4905 interlucent
3490 4869 3555 4905 ac
3575 4853 3767 4907 scintil-

2195 4931 2320 4987 lant.
2346 4933 2645 5001 Fabricius,
2675 4951 2876 4992 comm.
2905 4939 2958 4993 in
2999 4939 3149 4994 Poet.
3181 4940 3405 5006 Christ.,
3436 4942 3605 4997 verbo
3633 4943 3770 4996 Du-

2197 5039 2415 5080 courtus
2447 5044 2460 5081 :
2494 5026 2624 5096 Ejus
2671 5045 2872 5082 carmen
2920 5031 3172 5084 eruditum
3228 5042 3378 5096 atque
3420 5035 3623 5105 insigne
3677 5045 3770 5088 est.

2197 5115 2475 5172 Cunradus
2505 5117 2898 5174 Rittershusius
2925 5121 2976 5174 in
2999 5120 3098 5174 oda
3121 5121 3185 5175 ad
3208 5121 3492 5178 Weitzium
3521 5143 3536 5180 :

2564 5208 2687 5258 Huic
2702 5209 2796 5269 jam
2814 5210 2852 5258 it
2871 5223 3035 5260 comes
3057 5209 3365 5272 Dracontius,

2318 5266 2620 5332 Sublimique
2647 5266 2783 5332 cauit
2809 5284 2948 5319 versu
2976 5271 3229 5332 primordia
3249 5266 3432 5322 rerum.

2565 5330 2723 5380 Multis
2757 5333 2836 5379 diu
2864 5330 3165 5393 ignoi‘abilis,

2315 5389 2419 5440 Non
2441 5391 2576 5453 bene
2594 5394 2674 5453 qui
2710 5393 2864 5451 latuit,
2881 5389 2969 5442 tua
2995 5389 3161 5442 donec
3181 5406 3295 5445 cura
3313 5396 3404 5444 sub
3426 5408 3539 5446 oras

2559 5452 2718 5513 lpSum
2746 5456 2943 5504 reduxit
2965 5455 3160 5505 luminis

2320 5511 2390 5560 Es
2418 5511 2658 5579 tenebris,
2684 5524 2952 5579 monstrans
2971 5517 3100 5565 clare
3123 5523 3237 5576 quot
3260 5517 3334 5566 via
3366 5525 3564 5579 reperta

2561 5575 2732 5636 Pugno
2753 5576 2838 5625 ille
2870 5579 3113 5638 concludo:
3141 5575 3295 5627 brevi.

2190 5653 2436 5708 Mcndum
2461 5655 2668 5712 videtur
2690 5667 2809 5724 quot
2839 5660 2917 5712 uia
2942 5675 2959 5712 :
2982 5660 3118 5713 forte
3135 5660 3526 5718 Rittershusius
3548 5664 3772 5732 scripsit

2187 5757 2307 5809 quot
2337 5749 2421 5802 dia
2448 5760 2643 5812 reperta
2683 5752 2925 5813 Barthius
2950 5767 3092 5821 stupe
3117 5752 3498 5822 elegantiarum
3524 5755 3770 5813 Dracon-
