3994 6290
199 269 313 326 669

200 473 298 529 lib.
339 487 414 526 vn
458 469 708 537 Advers.,
740 481 858 536 cap.
898 464 969 520 20
995 482 1008 518 :
1039 462 1327 518 Plurimum
1357 464 1545 534 ingenii
1575 464 1681 532 fuit
1730 465 1784 520 in

93 566 100 573 ’
199 562 519 618 Christianis
551 558 796 614 veteribus
824 556 1038 622 vatibus,
1065 564 1114 610 et
1141 554 1345 624 quidem
1370 569 1504 623 swpe
1535 555 1664 608 adeo
1693 571 1782 608 εει

198 655 461 720 callentis,
489 660 543 705 ut
572 651 694 704 dum
717 649 976 703 illustrare
1000 644 1438 715 t'oluntqmrdam,
1467 645 1638 699 omnia
1659 661 1784 699 con-

201 739 629 814 fundant'Sane
658 739 964 794 Dracontius
995 737 1256 808 Hispanus
1281 737 1408 790 adeo
1430 745 1576 790 acute
1595 745 1640 789 et
1670 751 1782 790 ner-

197 853 321 892 vose
349 837 417 890 de
440 835 693 904 plerisque
731 829 1064 885 incidentibus
1093 828 1333 898 loquitur,
1365 837 1419 881 ut
1446 827 1528 879 vix
1556 827 1779 895 seipsum

196 935 329 988 satis
352 929 662 986 intellexisse
687 927 939 992 videatur,
969 933 1164 977 tantunt
1185 923 1320 977 abest
1349 930 1402 974 ut
1423 919 1486 974 ab
1510 920 1572 974 iis
1599 930 1777 990 potue-

194 1025 263 1076 rit
294 1021 544 1076 sententia
575 1020 682 1089 ejus
705 1016 901 1086 percipi
929 1015 1012 1083 qui
1052 1024 1225 1067 nostra
1249 1021 1394 1066 aetate
1423 1012 1476 1066 in
1504 1027 1564 1066 ea
1591 1027 1646 1064 re
1668 1020 1776 1064 stu-

197 1115 448 1165 duernrtl.
480 1107 758 1163 Nonnullis
788 1106 890 1161 hoc
937 1103 1186 1159 laudandi
1215 1116 1382 1173 genus
1411 1103 1695 1157 obscurum
1719 1112 1772 1157 et

201 1203 509 1270 stribiguum
538 1198 703 1254 videri
735 1198 923 1267 possit,
971 1195 1066 1251 sed
1096 1194 1222 1265 quid
1252 1194 1480 1249 voluerit
1523 1194 1774 1248 Barthius

195 1293 382 1347 dicere
405 1293 534 1346 satis
564 1289 900 1358 intelligitur:
926 1302 1046 1344 esse
1065 1286 1270 1342 scilicet
1283 1284 1546 1354 quoddam
1574 1285 1768 1355 ingenii

111 1425 116 1427 -
194 1399 449 1454 acumen,
475 1381 615 1451 quod
642 1381 767 1442 dum
798 1379 1046 1434 subtilius
1074 1377 1126 1432 in
1159 1377 1321 1431 rebus
1350 1384 1610 1439 versatur,
1637 1389 1772 1429 non-

193 1475 399 1531 nullam
431 1473 808 1530 obscuritatem
839 1470 1010 1540 pariat
1037 1468 1176 1540 apud
1219 1482 1312 1524 eos
1354 1467 1648 1536 praesertim
1677 1467 1766 1536 qui

193 1581 386 1635 parum
420 1565 632 1633 ingenio
667 1561 864 1616 valent.
904 1559 1070 1615 Paulo
1093 1567 1212 1629 post
1238 1559 1312 1612 ait
1341 1556 1600 1612 Barthius
1631 1557 1766 1610 Dra-

193 1658 435 1714 eontium
463 1665 616 1711 acute
636 1653 956 1723 conciseque
1000 1649 1252 1720 loquendi
1279 1649 1535 1705 artiﬁcem
1567 1647 1763 1714 fuisse,

191 1760 247 1806 et
275 1759 468 1804 natura
497 1762 717 1817 mvoque
746 1760 812 1801 eo
839 1744 1147 1799 inclinasse.

262 1861 390 1914 132.
430 1858 558 1913 lure
607 1855 981 1911 animadvertit
1029 1854 1168 1909 idem
1214 1852 1462 1908 Barthius
1508 1853 1610 1908 loc.
1642 1853 1758 1920 cit.,

192 1952 418 2006 omnino
449 1949 790 2004 Dracontium
822 1946 1029 2000 mendis
1057 1944 1229 2000 adhuc
1259 1943 1500 2014 plurimis
1529 1951 1758 2011 scatere,

189 2057 306 2110 quae
335 2040 438 2095 nisi
468 2037 736 2104 tollantur,
767 2039 956 2092 frustra
989 2035 1149 2091 notha
1178 2050 1274 2104 pro
1301 2034 1552 2103 legitimis
1585 2076 1601 2102 ,
1631 2049 1758 2102 sup-

189 2131 363 2200 posita
395 2145 492 2200 pro
523 2127 768 2200 genuinis
792 2128 1128 2198 interpretari
1157 2126 1384 2180 labores.
1415 2124 1484 2178 Et
1514 2127 1567 2178 in
1593 2127 1756 2179 acutis

188 2221 381 2293 (addit)
408 2222 488 2274 his
509 2219 818 2288 concisisque
839 2216 1164 2286 scriptoribus
1181 2215 1344 2269 multa
1370 2215 1606 2284 infercire
1625 2230 1758 2284 prte-

185 2322 509 2384 sumpserunt
540 2311 921 2379 lranscriplores
963 2309 1268 2379 sequentium
1309 2316 1609 2377 temporum,
1640 2322 1753 2359 cum

185 2419 330 2456 nemo
357 2419 458 2456 non
494 2403 647 2472 paulo
678 2401 856 2454 litteris
889 2399 1124 2452 imbutior
1161 2399 1254 2451 hoc
1297 2412 1477 2466 genere
1502 2397 1753 2450 scribendi

184 2493 533 2557 delectaretur,
568 2509 724 2561 usque
751 2491 880 2544 adeo
919 2490 1120 2560 quidem
1151 2488 1374 2558 improbe
1393 2530 1406 2552 ,
1436 2497 1488 2540 ut
1520 2488 1752 2541 universa

181 2585 383 2637 tandem
400 2584 686 2650 eloquentia
713 2583 790 2636 his
812 2582 1018 2651 argutiis
1037 2579 1375 2634 intercisa‘sit.
1395 2579 1546 2644 Quod
1573 2585 1747 2632 autem

181 2674 318 2729 idem
349 2673 633 2736 Barthius,
666 2674 759 2726 lib.
804 2688 918 2738 Ltv,
952 2687 1072 2740 cap.
1101 2671 1167 2735 9,
1200 2671 1544 2724 Dracontium
1593 2678 1750 2723 vocat

179 2773 374 2835 poetam
395 2779 548 2816 sensu
570 2773 616 2817 et
647 2763 950 2826 eruditione,
971 2778 1120 2830 quam
1151 2761 1436 2831 eloquentia
1469 2762 1617 2830 longe
1645 2774 1750 2812 me-

180 2857 356 2910 liorem
385 2865 433 2909 et
464 2856 867 2922 instructiorent,
900 2866 1058 2924 atque
1108 2852 1233 2908 alibi
1281 2853 1496 2922 phrasin
1526 2852 1640 2921 ejus
1669 2852 1748 2904 in-

177 2947 499 3000 tricatiorem
540 2946 697 3010 dicit,
728 2945 777 2998 id
807 2945 998 3000 eodem
1031 2945 1300 3015 pertinet,
1334 2951 1394 2997 ut
1431 2943 1746 2997 Dracontius

176 3039 362 3107 partim
397 3048 609 3103 natura,
636 3037 824 3107 partim
870 3039 948 3092 sui
981 3037 1159 3091 saeculi
1187 3049 1357 3100 more,
1385 3034 1571 3104 partim
1601 3043 1746 3088 tran-

175 3129 490 3197 scriptorum
516 3130 667 3198 culpa
708 3129 929 3183 nimium
966 3130 1050 3182 sit
1078 3131 1262 3182 acutus
1303 3135 1356 3182 et
1405 3127 1741 3197 ingeniosus,

174 3231 330 3288 atque
381 3222 483 3277 hac
510 3231 660 3291 parte
698 3237 726 3275 a
756 3237 880 3276 vera
909 3219 1212 3290 eloquentia
1237 3218 1608 3273 declinaverit.
1642 3215 1740 3270 bli-

173 3316 310 3369 nime
361 3325 542 3370 autem
589 3315 772 3369 dubito
805 3315 930 3382 quin
986 3313 1198 3367 diverso
1242 3311 1404 3366 modo
1449 3311 1742 3380 iudicasset

174 3405 439 3468 Barthius,
473 3408 516 3459 si
549 3405 882 3458 Dracontium
913 3404 1086 3472 qualis
1111 3419 1138 3456 a
1164 3403 1318 3457 nobis
1357 3402 1640 3458 exhibetur
1662 3404 1741 3454 vi-

170 3495 351 3551 disset.
396 3495 528 3550 Nam
561 3497 787 3564 primum
825 3495 1069 3548 Barthius
1099 3493 1316 3562 putabat
1369 3492 1734 3546 Hexaemeron

169 3585 300 3651 quod
322 3595 456 3640 tunc
482 3585 740 3648 exstabat,
764 3585 1032 3652 epitomen
1053 3599 1172 3638 csse
1194 3583 1445 3637 carminis
1470 3582 1735 3635 Dracontii

168 3675 227 3730 de
255 3678 438 3745 Opere
465 3691 556 3731 sex
586 3677 814 3742 dierum,
838 3677 1076 3744 duosque
1101 3683 1348 3729 auctores
1369 3690 1432 3728 ex
1457 3674 1596 3743 ston
1624 3671 1734 3727 col-

169 3768 388 3838 ligebat,
429 3777 487 3822 ut
535 3769 641 3822 dixi
692 3783 841 3823 num.
872 3763 961 3822 29.
1002 3769 1134 3821 Cum
1164 3782 1293 3821 Vero
1340 3780 1483 3819 nunc
1523 3772 1732 3818 constet

170 3861 514 3914 Dracontium
545 3876 648 3913 non
679 3861 776 3915 sibi
803 3861 1140 3930 proposuisse
1163 3869 1529 3928 argumentum
1553 3857 1732 3926 operis

162 3966 249 4006 sex
295 3950 544 4017 dierum,
592 3950 684 4005 sed
731 3950 1023 4019 majestatis
1072 3950 1323 4004 divinaee
1352 3949 1510 4003 rebus
1538 3948 1730 4002 creatis

163 4042 544 4106 laudandm,ad
573 4041 724 4112 103
758 4041 914 4108 hujus
939 4042 1083 4110 scopi
1107 4040 1366 4094 rationem
1394 4039 1462 4094 de
1488 4047 1731 4106 poemate

160 4133 504 4198 iudicandum
535 4143 655 4186 cst:
691 4141 744 4186 et
784 4143 932 4186 recte
957 4130 1168 4201 quidem
1199 4130 1251 4184 in
1297 4144 1363 4184 eo
1389 4130 1566 4184 omnia
1597 4143 1725 4198 pro-

159 4223 372 4276 cedunt.

221 4316 347 4368 153.
385 4313 592 4368 Deinde
613 4314 712 4368 etsi
738 4313 1059 4368 Dracontius
1076 4313 1310 4368 nondum
1327 4323 1431 4368 tam
1454 4322 1725 4369 correctus

155 4403 371 4470 prodeat
414 4419 572 4472 quam
605 4412 748 4458 esset
792 4405 1112 4474 Optantlutn,
1142 4412 1318 4458 tamen
1363 4405 1525 4458 multa
1574 4405 1625 4458 in
1658 4418 1722 4458 eo

154 4497 249 4562 iam
279 4506 547 4565 apparent
595 4497 788 4551 lumina
843 4499 1158 4566 eloquentia:
1217 4513 1318 4551 non
1370 4497 1720 4575 vulgaris,_in

153 4589 326 4659 Elegia
357 4591 684 4659 praesertim,
719 4591 803 4644 ubi
849 4590 1268 4646 emendatiorem
1315 4591 1550 4645 codicem
1581 4591 1720 4644 nacti

152 4697 348 4736 sanius.
371 4683 434 4735 ln
457 4685 690 4737 carmine
714 4697 840 4736 vero
856 4683 924 4737 de
948 4683 1055 4738 Deo
1076 4698 1218 4751 saepe
1241 4682 1498 4736 orationis
1519 4689 1722 4736 tractus

149 4774 211 4826 ita
235 4773 526 4840 arquabilis
549 4773 686 4841 lluit,
709 4783 767 4828 ut
795 4773 1251 4828 evidentissimum
1274 4774 1343 4827 sit
1363 4773 1414 4827 in
1441 4772 1561 4826 aliis
1589 4769 1721 4827 locis

148 4863 228 4919 ubi
273 4864 582 4918 intricatior
607 4875 688 4918 est
714 4879 912 4928 sermo,
959 4879 1064 4918 non
1093 4863 1355 4928 auctoris,
1387 4863 1478 4917 sed
1511 4863 1718 4916 exscri-

145 4962 356 5021 ptorum
389 4963 483 5007 aut
517 4953 956 5024 interpolatorum
983 4954 1190 5023 culpam
1219 4969 1361 5009 esse.
1387 4953 1500 5006 Non
1535 4963 1710 5007 tamen

144 5044 329 5098 iverim
357 5043 568 5099 inﬁcias
593 5059 624 5100 e
644 5044 992 5100 barbarorum
1021 5048 1343 5101 commercio
1371 5046 1604 5116 aliquam
1636 5046 1712 5100 la-

141 5133 389 5190 beculam
443 5135 584 5205 stylo
631 5136 905 5192 Dracontii
944 5137 1262 5202 adhaesisse;
1314 5139 1607 5192 sententias
1653 5145 1710 5192 et

139 5239 279 5294 saepe
308 5223 477 5280 verba
508 5226 694 5281 eadem
724 5227 1027 5296 frequenter
1061 5240 1180 5282 esse
1210 5228 1432 5294 repetita
1452 5269 1466 5294 ,
1514 5236 1569 5281 et
1598 5227 1706 5282 for-

137 5322 275 5371 tasse
323 5331 510 5370 rerum
555 5316 798 5372 ordinem
844 5331 1031 5386 parum
1070 5327 1318 5372 accurate
1364 5317 1707 5386 dispositum.

137 5405 238 5461 Sed
290 5416 449 5464 recte
491 5409 663 5464 aiebat
695 5409 946 5475 Ovidius,
976 5410 1138 5466 etiam
1178 5410 1363 5466 leviori
1407 5411 1709 5468 ca'amitate

132 5509 452 5568 oppressus,
478 5499 572 5554 lib.
596 5516 611 5553 ι
639 5500 802 5556 Trist.
833 5500 968 5570 eleg.
1003 5502 1027 5556 1
1059 5519 1074 5554 :

247 5609 593 5678 llazcrqnoque
618 5624 726 5674 quin
746 5610 868 5678 facio
889 5611 1032 5678 iudex
1061 5613 1311 5678 mirabitur
1336 5627 1520 5678 mquus,

316 5671 605 5730 Scriptaque
631 5671 736 5722 cum
758 5674 895 5723 venia
921 5672 1273 5735 qualiacunque
1299 5671 1458 5738 leget.

1593 265 1951 323 PROLEGOM
1960 269 2086 326 ENA
2097 312 2113 328 .

199 382 260 437 tii
293 379 552 436 ﬂosculos
600 374 834 441 indicat,
872 375 1026 446 102
1069 371 1334 441 ingenium
1364 385 1490 428 vero
1531 373 1781 442 praedicat
1809 378 1863 438 Λ

3353 308 3457 378 670

2011 382 2092 465 Πειὶ
2101 385 2546 465 ΞᾏΞᾳῃίᾲςειιι,
2567 399 2622 465 et
2640 385 2715 465 tot
2733 392 3052 465 circumspice
3070 419 3212 459 casus

1972 463 1976 467 -
2075 443 2328 507 ingenium
2346 454 2490 502 tantis
2513 443 2714 508 excidet
2729 443 3052 516 sish'é'iiiiis'.
3071 443 3228 472 “ww,

1885 548 2210 652 Dracontius
2225 553 2276 652 in
2294 559 2508 652 catenis
2526 562 2816 620 etvincnlis
2843 569 3130 627 scribebat.
3155 575 3292 642 Quid
3320 594 3449 652 ergo

1881 643 2074 735 mirum
2105 645 2150 700 si
2179 647 2273 702 Dei
2294 646 2666 721 benignitatem
2689 666 2744 711 et
2765 657 3099 719 clementiam
3127 671 3324 735 passim
3346 643 3446 728 im-

1880 733 2074 800 ploret,
2106 736 2265 792 etiam
2289 739 2376 793 ubi
2417 756 2505 797 res
2546 744 2596 799 id
2623 761 2730 801 non
2754 751 3023 819 postulare
3053 733 3334 816 videatur?
3353 775 3443 821 aut

1879 823 1924 878 si
1957 825 2269 920 varietatem
2292 830 2560 899 phrasium
2579 838 2968 913 verberumque
2989 847 3252 920 negligat?
3279 861 3371 907 aut
3396 855 3443 909 si

1877 913 2187 1008 perturbato
2218 933 2595 992 nonnunquam
2625 933 2918 998 argumenti
2944 913 3441 1008 ordinevprocedatl

1877 1007 2081 1063 Interea
2127 1013 2307 1080 negari
2359 1016 2540 1083 nequit
2589 1015 2944 1087 gravissimas.
2975 1035 3029 1081 et
3073 1007 3440 1100 adipietatcm

1873 1099 2229 1158 Christianam
2274 1106 2504 1161 maxime
2529 1109 2892 1170 conformatas
2935 1099 3224 1177 sententias
3247 1123 3300 1178 in
3324 1125 3439 1196 ejus

1873 1192 2199 1249 carminibus
2224 1196 2476 1262 emicare,
2505 1213 2536 1254 e
2563 1202 2730 1257 sacris
2754 1203 2973 1262 Litteris
3002 1215 3303 1285 sanctisque
3342 1192 3440 1273 Da-

1873 1281 2042 1338 tribus
2063 1285 2275 1379 petitas,
2299 1297 2360 1379 ut
2389 1305 2514 1345 vere
2535 1291 2873 1365 Sirmondus,
2902 1301 2990 1369 qui
3018 1281 3287 1362 minimam
3318 1326 3439 1379 par-

1874 1382 1977 1426 tem
2015 1388 2199 1428 eorum
2226 1376 2450 1443 viderat,
2482 1379 2678 1436 dixerit
2704 1384 2754 1437 in
2776 1387 2998 1454 epistola
3023 1376 3342 1453 dedicatoria
3372 1400 3437 1455 ad

1870 1463 2156 1519 Henricnm
2180 1467 2498 1524 Borhonium
2520 1473 2661 1542 regis
2685 1474 2871 1544 lilium,
2895 1479 3060 1548 episc.
3085 1483 3335 1540 llletens.:
3357 1489 3437 1541 Ad

1873 1556 1965 1610 Dei
1996 1557 2172 1612 laudes
2213 1559 2593 1616 admirabilium
2628 1569 2740 1637 ejus
2786 1584 2993 1638 Operum
3019 1577 3436 1644 contemplatione

1867 1647 2108 1703 subvehct
2156 1649 2486 1706 Dracontius.
2507 1647 2717 1711 ‘Omitto
2765 1673 2905 1715 nunc
2945 1661 3268 1732 singularem
3307 1666 3434 1723 Dra~

1791 1727 1838 1786 B
1866 1739 2033 1793 contii
2058 1740 2378 1809 dot-trinam,
2414 1752 2467 1798 et
2492 1745 2843 1802 eruditionem
2872 1765 2979 1805 non
3009 1727 3178 1808 solum
3201 1769 3432 1820 sacram,
3506 1809 3523 1827 ,

1865 1844 2048 1883 verum
2078 1831 2239 1885 etiam
2276 1833 2569 1899 profanam,
2598 1851 2714 1905 qua:
2743 1853 2929 1896 versus
2959 1842 3096 1898 illius
3139 1845 3432 1916 legentibus

1863 1923 1974 1990 ipsa
1999 1921 2113 1975 sine
2142 1921 2315 1977 indice
2341 1937 2401 1978 se
2428 1926 2620 1993 prodit.

1933 2031 2057 2086 134.
2109 2033 2260 2098 Quod
2306 2035 2496 2090 attinet
2536 2037 2602 2092 ad
2644 2039 2870 2097 nitorem
2918 2047 3182 2101 sermonis
3227 2048 3423 2117 Latini,

1863 2123 2027 2175 multa
2054 2132 2342 2177 occurrunt
2374 2124 2424 2178 in
2459 2125 2745 2184 Dracontio
2777 2147 2904 2200 pure
2933 2143 2986 2187 et
3013 2146 3235 2192 venuste
3264 2139 3425 2206 dicta,

1859 2214 2023 2266 multa
2079 2216 2241 2269 etiam
2289 2231 2355 2270 ex
2402 2218 2725 2286 Optimorum
2771 2232 3041 2291 poetarum
3095 2227 3421 2297 imitatione,

1855 2318 1990 2370 quos
2013 2304 2149 2372 ipse,
2183 2314 2240 2359 ut
2269 2314 2432 2376 patet,
2465 2308 2654 2364 sedulo
2683 2310 2904 2381 legerat,
2936 2323 2991 2368 et
3025 2315 3322 2374 Christiane
3348 2320 3425 2376 lo-

1854 2395 1941 2462 qui
1983 2397 2373 2463 quodammodo
2415 2401 2575 2470 cogit.
2605 2402 2854 2468 Quasdam
2899 2413 3071 2462 tamen
3109 2408 3263 2481 ιοῇ
3300 2422 3422 2467 sunt

1852 2484 1951 2538 alia
1978 2501 2095 2554 qua:
2123 2501 2226 2540 non
2250 2487 2473 2544 barbara
2499 2491 2715 2559 quidem
2739 2485 3005 2550 censenda
3021 2507 3165 2562 sunt,
3199 2500 3292 2554 sed
3321 2502 3422 2558 mi-

1852 2574 1994 2628 nime
2039 2576 2381 2644 proponenda
2427 2586 2486 2631 ut
2513 2593 2574 2634 ea
2629 2580 2902 2637 imitentur
2941 2584 2976 2638 ii
3021 2586 3107 2654 qui
3138 2587 3202 2640 ad
3245 2603 3421 2646 aurea:

1851 2664 2024 2719 aetatis
2046 2673 2256 2734 gustum
2311 2667 2476 2722 velint
2523 2685 2824 2727 sermonem
2869 2689 3021 2729 suum
3063 2677 3418 2738 conformare.

1850 2754 1954 2809 Sed
1987 2756 2228 2812 habenda
2259 2770 2337 2815 est
2369 2760 2528 2814 etiam
2581 2763 2718 2818 ratio
2747 2768 3066 2834 argumenti,
3097 2771 3238 2838 quod
3267 2788 3295 2827 a
3324 2789 3418 2829 ve-

1851 2847 2054 2902 teribus
2082 2848 2316 2917 profanis
2342 2851 2511 2919 poetis
2549 2851 2805 2910 intactum
2845 2872 3004 2913 voces
3045 2863 3296 2929 quasdam
3326 2865 3414 2918 ad-

1848 2938 2007 2994 mittit
2039 2940 2107 2993 ab
2157 2942 2234 2994 eis
2280 2956 2384 2994 non
2417 2953 2728 3013 usurpatas,
2762 2949 3057 3026 praesertim
3087 2967 3205 3021 qua:
3245 2956 3408 3011 eccleo

1849 3031 2120 3089 siasticum
2151 3035 2432 3104 quemdam
2464 3052 2709 3106 saporem
2762 3039 2977 3108 habent,
3023 3045 3162 3112 quod
3189 3063 3220 3102 e
3248 3048 3414 3105 sacris

1848 3123 2065 3179 Litteris
2091 3134 2142 3180 et
2172 3142 2270 3181 usu
2299 3127 2555 3182 Ecclesia:
2583 3128 2833 3196 profectae
2854 3132 2980 3187 sint.
3008 3134 3146 3189 Sane
3180 3137 3266 3205 qui
3297 3152 3410 3193 ser-

1847 3214 2018 3268 monis
2063 3214 2237 3270 Latini
2265 3217 2523 3273 terminos
2553 3233 2654 3287 qua
2687 3220 2790 3276 late
2821 3231 3002 3291 patent
3029 3239 3185 3279 nosse
3213 3226 3410 3292 velint,

1844 3313 2030 3375 poetas
2061 3307 2293 3376 aequales
2341 3307 2611 3363 Dracontii
2650 3311 2868 3366 minime
2913 3313 3156 3381 ignorare
3183 3315 3409 3384 debent,

1841 3411 1960 3449 cum
1989 3395 2023 3449 ii
2049 3411 2078 3450 e
2109 3411 2238 3465 pura
2265 3397 2552 3454 Latinitate
2583 3400 2811 3467 plurima
2836 3403 3086 3458 vocabula
3117 3407 3266 3460 nobis
3286 3421 3410 3461 cou-

1839 3488 2206 3552 scrvaverint,
2237 3487 2339 3542 alia
2393 3489 2688 3559 adjecerint
2716 3507 2832 3562 quae
2873 3508 2971 3548 suo
3000 3504 3234 3563 tempore
3261 3506 3435 3552 erant'

1838 3577 1891 3631 in
1925 3593 2044 3642 usu,
2080 3563 2252 3646 neque
2283 3578 2495 3647 indigna
2527 3590 2648 3634 sunt
2681 3589 2738 3634 ut
2761 3581 2916 3635 etiam
2947 3593 3127 3637 nostro
3148 3600 3409 3655 usurpen-

1837 3677 1942 3744 tur.
1989 3669 2238 3735 Quamvis
2293 3682 2467 3724 autem
2511 3674 2561 3725 in
2592 3673 2732 3725 notis
2771 3674 3249 3731 animadvertemus
3286 3693 3407 3747 qute

1836 3761 1944 3814 sint
1971 3773 2130 3813 voces
2159 3760 2492 3829 phrasesque
2522 3762 2751 3830 propria:
2783 3763 3071 3832 Dracontii,
3110 3777 3200 3822 aut
3224 3770 3405 3838 paucis

1833 3868 1952 3907 cum
1987 3853 2101 3921 ipso
2140 3852 2485 3920 communes,
2529 3855 2730 3924 juvabit
2778 3857 2952 3913 ta’mcn
2985 3876 3124 3917 nunc
3161 3863 3401 3933 qutedam

1830 3941 2133 3995 observare.

1902 4033 2021 4087 155.
2050 4033 2164 4087 Lib.
2189 4050 2202 4086 ι
2224 4033 2290 4090 de
2318 4035 2446 4102 Deo,
2472 4052 2608 4093 vers.
2633 4041 2686 4104 4,
2719 4054 2844 4094 usus
2869 4051 2944 4096 est
2973 4036 3226 4099 adve'rbio
3250 4061 3399 4100 vene-

1815 4128 2022 4187 ‘ranler,
2072 4135 2237 4193 atque
2277 4128 2471 4184 iterum
2511 4130 2603 4185 lib.
2653 4146 2732 4195 ut,
2761 4147 2898 4186 vers.
2932 4135 3064 4199 672,
3100 4151 3204 4206 quo
3238 4140 3397 4194 etiam

1827 4215 2210 4282 Tertullianus,
2243 4220 2355 4272 sive
2382 4222 2682 4288 quicunque
2710 4224 2844 4278 alius
2890 4237 3076 4281 auctor
3103 4231 3396 4287 carminum

1825 4307 1925 4360 sub
1959 4306 2115 4370 hujus
2147 4308 2382 4373 nomine,
2414 4319 2467 4364 et
2487 4310 2754 4375 Sedulius,
2789 4315 2866 4366 tisi
2897 4325 3038 4369 sunt.
3069 4318 3181 4370 Alia
3205 4321 3394 4377 similia

1827 4396 2074 4452 adverbia
2099 4398 2350 4454 formavit
2373 4401 2708 4468 Dracontius,
2734 4413 2789 4458 ut
2817 4406 2905 4459 lib.
2936 4423 2970 4471 ι,
3005 4423 3142 4462 vers.
3172 4409 3260 4474 94,
3285 4429 3395 4465 mo-

1825 4491 2094 4557 deranter;
2119 4493 2243 4546 ibid.
2270 4509 2410 4547 vers.
2436 4494 2558 4560 551,
2585 4493 2928 4562 άοηιὶηαιῖιεν;
2952 4499 3077 4554 ibid.
3104 4517 3240 4556 vers.
3264 4503 3390 4569 609,

1824 4581 2154 4637 incessanter.
2187 4585 2303 4639 Lib.
2332 4603 2412 4652 nt,
2450 4601 2590 4643 vers.
2623 4589 2748 4658 29.5,
2782 4601 3046 4658 tonanler;
3089 4595 3215 4649 ibid.
3247 4611 3387 4653 vers.

1823 4673 1917 4727 671
1940 4713 1954 4732 .
1985 4681 2268 4728 trementcr.

1893 4764 2014 4820 156.
2043 4764 2267 4820 Nomine
2296 4769 2553 4823 modestus
2596 4771 2784 4824 mirum
2825 4784 3075 4842 quantum
3098 4777 3392 4835 delectatus

1821 4853 1891 4908 sit
1919 4854 2254 4911 Dracontius.
2282 4858 2399 4913 [.ib.
2429 4875 2464 4925 ι,
2493 4875 2634 4916 vers.
2663 4863 2753 4925 29,
2784 4863 2850 4918 de
2875 4867 3068 4933 pietate
3097 4869 3186 4923 Dei
3209 4872 3392 4925 virtute

1817 4945 2044 5010 modesta
2069 4957 2162 5002 est.
2188 4947 2317 5004 lbid.
2351 4965 2488 5005 vers.
2507 4951 2632 5018 435,
2655 4952 2722 5008 de
2753 4953 2884 5020 Deo,
2900 4957 3078 5010 virtute
3107 4960 3383 5018 modestus.

1816 5033 1931 5089 Lib.
1951 5051 2008 5102 ll,
2043 5053 2184 5092 vers.
2212 5038 2299 5104 70,
2321 5038 2387 5093 de
2414 5040 2545 5105 Deo,
2567 5041 2752 5109 pietate
2779 5045 3064 5110 modestus;
3087 5047 3214 5101 ilnid.
3241 5064 3382 5103 vers.

1816 5125 1938 5192 308,
1968 5144 2067 5182 non
2088 5132 2211 5200 jure
2254 5132 2478 5186 modesto
2505 5150 2522 5198 ;
2555 5134 2680 5189 ibid.
2713 5149 2854 5190 vers.
2901 5138 3022 5200 758,
3063 5138 3129 5193 tle
3159 5139 3380 5193 Tabitha

1814 5219 2056 5270 modesta.
2087 5219 2204 5274 Lib.
2255 5236 2343 5284 ιιι,
2375 5238 2512 5277 vers.
2543 5223 2676 5288 579,
2708 5223 2876 5279 vultus
2919 5227 3187 5282 modestos.
3231 5230 3379 5298 Eleg.

1814 5323 1952 5365 vers.
1982 5313 2070 5378 93,
2102 5312 2338 5369 dominos
2364 5317 2570 5372 reticere
2598 5317 2871 5372 modestos.
2900 5319 2975 5375 De
2996 5336 3123 5375 voce
3150 5324 3381 5391 placidus

1815 5400 1937 5456 vide
1964 5417 2112 5456 num.
2148 5404 2268 5458 118.

1889 5491 2010 5546 157.
2039 5493 2194 5560 Smpe
2234 5495 2394 5549 etiam
2436 5497 2748 5552 Dracontius
2799 5499 3116 5570 adjemivnm
3165 5504 3379 5559 anhelus

1814 5583 1922 5649 igni
1945 5592 2038 5637 aut
2062 5585 2159 5639 soli
2194 5585 2394 5652 tribuit,
2425 5595 2481 5640 ttt
2521 5588 2613 5643 lib.
2646 5606 2692 5653 I,
2721 5606 2858 5646 vers.
2889 5594 2992 5658 26,
3021 5594 3140 5649 solis
3170 5597 3375 5661 anheli;

1812 5673 1944 5731 ibid.
1980 5691 2121 5733 vers.
2158 5678 2279 5740 187,
2314 5678 2505 5736 iterum
2543 5683 2663 5737 solis
2693 5685 2900 5750 anheli;
2933 5688 3060 5743 ibid.
3086 5705 3224 5746 vers.
3249 5690 3371 5755 659,
