3994 6290
556 349 655 405 671

1956 340 2397 396 DRACONTIUS.

3677 348 3776 403 672

559 465 691 534 ignis
735 463 946 527 anheli;
975 461 1066 516 lib.
1111 479 1168 528 ll,
1203 477 1340 514 vers.
1388 461 1473 525 9|,
1509 462 1639 530 ignis
1683 459 1883 520 anheli;
1917 456 2009 509 lib.
2043 469 2122 516 III,
2155 455 2200 513 Α
2232 465 2282 507 ut
2323 455 2471 520 libet,
2507 459 2653 510 modo
2692 461 2933 524 correptis
2966 460 3189 513 videlicet
3225 432 3641 531 syllabis,imodo
3684 483 3792 530 pro-

559 568 700 608 vers.
729 556 817 619 70,
845 553 1135 606 anhelantes
1178 556 1408 621 ﬂammas
1437 568 1454 616 ;
1487 569 1625 605 vers.
1659 551 1775 614 160,
1812 565 1911 602 non
1956 548 2123 616 [error

561 644 794 708 anhelat;
828 660 966 698 vers.
995 643 1118 705 508,
1147 643 1429 695 anhelantis
1459 643 1678 710 vaporis.

633 735 755 788 158.
789 732 1042 786 Weilzitts
1087 733 1138 786 in
1171 733 1319 787 initio
1345 733 1532 786 indicis
1575 733 1654 786 sui
1685 731 1734 785 in
1782 727 2121 784 Dracentium

561 835 740 878 mouet
769 823 890 878 bina
921 823 1154 892 epitheta
1197 823 1310 876 sive
1357 823 1615 891 adjectiva
1661 821 1727 875 ab
1763 836 1828 874 eo
1869 818 2006 873 uuiri
2035 816 2123 871 uni

560 913 922 988 substantive,
953 925 1007 968 ut
1045 929 1186 968 vers.
1224 914 1325 968 180
1375 915 1465 967 lib.
1498 931 1536 977 ι,
1571 912 1836 980 odoriferis
1868 925 2125 977 nunquam

562 1008 894 1061 marcentibus
945 1005 1146 1071 herbis,
1197 1016 1356 1076 atque
1409 1007 1562 1076 105
1610 1005 1755 1058 alibi.
1805 1001 2124 1070 Exemplum

566 1100 940 1169 complosionis
978 1098 1179 1168 profert
1204 1116 1268 1152 ex
1293 1114 1431 1152 vers.
1462 1099 1566 1152 396
1601 1097 1691 1150 lib.
1717 1111 1766 1149 ιε
1803 1094 1984 1146 Omnia
2005 1092 2124 1162 pol-

567 1193 685 1244 chra
713 1209 907 1262 gerens,
940 1193 1133 1258 oculos,
1169 1209 1242 1246 os.
1280 1192 1357 1245 Ad
1405 1191 1614 1262 hyphen
1665 1189 1826 1243 refert
1867 1203 2004 1242 vers.
2033 1187 2122 1240 cit.

567 1281 688 1348 180,
706 1281 1348 1352 nunquam-marcentibus,
1373 1291 1424 1335 et
1451 1281 1658 1343 similia,
1691 1287 1746 1332 ut
1767 1277 2125 1340 maleviventi,

562 1375 979 1442 semper-vestita.
1012 1373 1089 1427 Ad
1122 1376 1378 1445 ὀξύμωρα,
1409 1389 1650 1441 oxymora
1688 1378 1903 1424 revocat
1947 1370 2127 1438 funera

563 1464 700 1528 viva,
735 1466 879 1518 vivax
906 1467 1119 1518 cadaver
1166 1465 1256 1519 lib.
1303 1480 1339 1525 ι,
1387 1477 1524 1517 vers.
1558 1463 1689 1526 6-H,
1717 1461 1908 1530 quibus
1955 1459 2129 1514 verbis

565 1557 857 1626 oxymoris,
879 1556 979 1610 hoc
1000 1565 1079 1610 est
1102 1557 1248 1624 qua-i
1271 1554 1600 1616 acutistultis,
1621 1554 1740 1620 quia
1764 1551 1923 1604 stulta
1950 1549 2129 1603 viden-

568 1659 654 1703 tur
683 1651 855 1717 primo
881 1657 1118 1719 aSpeetu,
1150 1648 1242 1702 sed
1270 1657 1393 1701 sunt
1421 1655 1572 1700 acuta
1595 1687 1608 1711 ,
1640 1645 1826 1714 plenus
1875 1653 1957 1699 est
2003 1642 2130 1696 Dra-

567 1751 791 1794 CODIIIIS.

636 1829 755 1885 159.
801 1829 1036 1900 Denique
1077 1841 1129 1884 ut
1169 1829 1234 1884 de
1285 1828 1532 1898 prosodia
1578 1828 1843 1882 Dracontii
1892 1826 2127 1880 nonnihil
2164 1818 2209 1875 Β

565 1919 830 1986 dicamus,
885 1936 1005 1974 raro
1053 1937 1081 1974 a
1128 1923 1280 1977 metri
1335 1921 1540 1990 legibus
1590 1920 1780 1986 quibus
1836 1917 2134 1972 severiores

566 2019 733 2077 poetas
764 2011 944 2076 Optimi
977 2025 1035 2064 se
1064 2011 1481 2076 obstrinxerunt,
1514 2009 1737 2064 recedit.
1767 2007 1914 2075 Quod
1945 2008 2136 2060 idolum

566 2101 797 2154 secunda
842 2101 985 2154 brevi
1016 2100 1195 2168 ellert,
1226 2115 1508 2155 commune
1540 2099 1640 2152 hoc
1684 2098 1868 2152 vitium
1899 2097 1978 2149 illi
2022 2106 2132 2162 est,

566 2189 609 2241 si
639 2197 814 2242 tamen
844 2199 926 2243 est
956 2191 1171 2254 vitium,
1201 2205 1321 2243 cum
1360 2188 1649 2242 Prudentio
1690 2187 1910 2254 aliisque
1956 2184 2136 2237 multis

568 2279 738 2346 poetis
766 2277 1079 2334 Christianis
1105 2297 1117 2332 :
1148 2279 1300 2348 cujus
1340 2278 1556 2350 syllabre
1586 2276 1934 2345 corripiendze
1977 2277 2138 2327 ratio-

568 2382 690 2422 nem
731 2368 935 2423 reddidi
975 2369 1025 2423 in
1067 2371 1356 2438 prolegom.
1399 2369 1464 2422 ad
1514 2367 1855 2422 Prudentium
1905 2381 2023 2435 cap.
2067 2365 2138 2419 21

567 2471 621 2516 et
659 2478 810 2532 seqq.
839 2461 1112 2517 Peculiare
1160 2463 1444 2516 Dracontio
1483 2471 1595 2522 est,
1627 2460 1768 2529 quod
1819 2461 2058 2528 primam:
2085 2459 2136 2511 in

568 2552 779 2605 thronus
807 2553 1090 2622 producat;
1121 2552 1218 2608 sed
1247 2553 1404 2606 etiam
1435 2551 1483 2604 id
1515 2551 1726 2606 defendi
1759 2561 1928 2619 potest
1959 2565 2022 2604 ex
2057 2550 2137 2604 his

569 2659 688 2712 quae
719 2645 820 2696 loc.
855 2645 948 2697 cit.
980 2643 1206 2697 disserui
1232 2659 1246 2696 :
1279 2643 1379 2696 nisi
1410 2646 1630 2695 iortasse
1655 2641 1820 2696 codex
1858 2651 2138 2708 corruptus

573 2743 656 2788 est
699 2733 902 2787 duobus
933 2734 983 2787 in
1014 2734 1142 2788 locis
1187 2733 1377 2803 quibus
1418 2731 1518 2787 hoc
1556 2731 1774 2786 verbum
1833 2731 2136 2785 adhibetur.

573 2826 628 2880 In
681 2827 846 2881 verbo
896 2828 1025 2896 ﬁant
1077 2827 1253 2881 varius
1303 2836 1385 2882 est
1435 2826 1747 2880 Dracontius
1789 2843 1807 2878 :
1854 2827 2138 2895 aliquanto

570 2918 813 2985 producit
839 2933 956 2971 cum
986 2918 1213 2986 antiquis
1239 2917 1409 2986 poetis
1427 2959 1440 2982 ,
1471 2916 1754 2986 aliquando
1777 2916 1994 2982 corripit
2017 2931 2135 2969 cuin

570 3005 859 3061 Prudentia
916 3016 970 3062 et
1032 3009 1207 3062 aliis:
1251 3023 1552 3077 quanquam
1610 3007 1859 3062 mendum
1926 3007 2137 3076 aliquod

571 3098 828 3166 suspicari
863 3099 983 3152 licet
1022 3099 1106 3154 ubi
1148 3114 1176 3152 a
1213 3100 1492 3153 Dracontio
1532 3101 1836 3168 corripitur.
1878 3099 2009 3154 Vide
2047 3114 2136 3152 no-

2227 548 2410 601 dnctis.
2437 547 2566 602 Inde
2588 551 2787 603 illustre
2811 552 3044 604 mendum
3067 554 3207 606 video
3231 556 3280 606 in
3302 555 3478 608 eodem
3503 555 3788 622 Dracontio,
3869 611 3878 628 ,

2226 651 2331 695 etc.
2362 644 2439 694 An
2471 641 2536 695 de
2567 642 2666 696 hoc
2695 643 2886 698 mendo
2917 659 3042 698 vere
3069 645 3383 712 judicaverit
3411 646 3672 711 Barthius,
3702 664 3790 702 suo

2226 731 2342 784 loco
2369 732 2561 786 dicam.

2303 823 2424 877 Ml.
2460 824 2573 878 Non
2606 836 2687 878 cst
2717 835 2890 878 tamen
2934 827 3147 880 silentio
3194 829 3620 893 prmtereundum
3661 831 3790 897 ipsos

2228 915 2386 968 etiam
2429 925 2612 983 poetas
2640 915 2976 970 Christianos
3020 917 3298 986 agnovisse
3344 919 3558 971 nomina
3591 921 3787 988 propria

2229 1007 2521 1076 quantitate
2565 1019 2710 1062 certa
2744 1008 3068 1078 syllabarum
3109 1009 3359 1076 gaudere,
3386 989 3543 1077 quam
3590 1025 3788 1068 servare

2229 1105 2460 1164 Oportet.
2488 1097 2645 1152 Multa
2673 1107 2797 1152 sunt
2817 1101 3058 1168 exempla
3083 1111 3354 1168 poetarum
3378 1103 3787 1159 Chri~tianorutn

2231 1196 2466 1242 veterum
2507 1191 2592 1256 qui
2625 1190 2930 1244 nominibus
2963 1192 3044 1244 his
3073 1193 3302 1259 pmpriis
3340 1207 3524 1247 contra
3575 1207 3789 1250 metrum

2231 1281 2304 1330 uti
2333 1294 2433 1331 non
2463 1279 2756 1348 audebant,
2789 1290 2879 1334 aut
2902 1281 3107 1334 veniam
3141 1282 3517 1350 pra-iubantur,
3547 1285 3791 1354 siquando

2231 1370 2385 1424 aliter
2417 1371 2528 1424 fieri
2571 1387 2674 1424 non
2723 1383 2946 1442 poterat.
2990 1373 3095 1428 Sed
3143 1373 3399 1428 adducam
3431 1378 3725 1445 exemplum
3765 1396 3790 1434 ο

2231 1461 2441 1513 saeculis
2481 1461 2738 1516 barbaris.
2770 1463 3039 1517 Galfridus
3067 1463 3134 1517 de
3168 1462 3303 1517 Vino
3329 1464 3514 1534 Salvo,
3551 1467 3639 1535 qui
3665 1483 3790 1522 anno

2237 1553 2370 1607 1216
2400 1553 2640 1616 vivebat,
2689 1555 2737 1607 in
2773 1555 2981 1609 Poetria
3027 1556 3104 1610 sic
3146 1555 3507 1612 Innocentium
3541 1573 3790 1615 summum

2236 1644 2532 1712 pontilice-n
2562 1646 2665 1698 allo
2688 1646 2882 1710 ,uTtur:

2360 1734 2506 1792 Papa,
2527 1743 2696 1791 stupor
2727 1736 2909 1792 mundi,
2939 1738 2977 1783 si
3003 1736 3194 1793 dixem,
3217 1738 3346 1795 Papa
3373 1737 3600 1796 Nncmi,

2358 1796 2656 1858 Acephalum
2682 1810 2855 1844 nomen
2879 1799 3083 1846 trib'iani
3119 1800 3240 1856 tibi;
3265 1801 3302 1846 si
3333 1810 3474 1856 caput
3495 1801 3683 1858 addam,

2368 1857 2534 1904 Hostis
2553 1862 2651 1906 eris
2676 1859 2835 1906 metri.
2862 1858 3048 1906 Nomen
3078 1861 3160 1906 tibi
3187 1861 3285 1908 \ull
3306 1863 3522 1910 similari.

2361 1917 2463 1964 Nec
2487 1931 2664 1966 nomen
2689 1924 2862 1968 metro.
2889 1931 2981 1966 nec
3000 1920 3100 1967 vult
3124 1927 3202 1967 tua
3227 1924 3431 1968 maxima
3459 1925 3611 1972 virtus

2361 1977 2524 2040 Claudi
2561 1991 2808 2027 mensura.
2837 1980 2962 2027 Nihil
2990 1989 3086 2038 95!,
3105 1994 3202 2040 quo
3225 1984 3397 2031 metiar
3415 1983 3564 2032 illam.

2359 2039 2553 2089 Transit
2576 2053 2826 2088 mensuras
2851 2042 3107 2088 hominum.
3127 2039 3232 2089 Sed
3256 2043 3416 2090 divide
3444 2057 3640 2092 nomen.

2767 2139 2796 2150 ..
2843 2101 2891 2149 Is
2922 2102 3116 2162 pru'fer,
3141 2111 3190 2150 et
3218 2104 3339 2150 adde
3365 2104 3592 2163 NOCENTI,

2360 2163 2676 2223 Emi-iturque
2695 2176 2860 2210 cones
2879 2164 3019 2210 metri
3045 2177 3054 2208 :
3081 2169 3148 2210 sic
3174 2172 3225 2212 et
3251 2172 3328 2211 tua
3362 2167 3512 2213 virtus

2363 2223 2589 2272 Pluribus
2610 2234 2826 2277 aequatur
2842 2224 3009 2281 divisa,
3036 2225 3120 2272 sed
3149 2227 3336 2284 integra
3359 2226 3491 2272 nulli.

2241 2304 2312 2357 Ita
2342 2304 2612 2360 Galfridus
2636 2304 2854 2358 delicias
2877 2305 2992 2356 facit
3023 2306 3074 2358 in
3099 2308 3311 2359 nomine
3340 2305 3643 2371 Innocentii,
3668 2311 3796 2376 quod

2240 2412 2396 2451 versu
2427 2397 2739 2451 hexametro
2765 2411 2884 2451 coni
2905 2396 3011 2450 ludi
3044 2399 3243 2466 nequit.
3279 2398 3633 2452 Nihilominus
3660 2403 3796 2469 paula

2241 2495 2358 2556 post
2383 2489 2434 2540 in
2460 2485 2691 2557 Gregorii
2723 2486 2935 2540 nomine
2958 2485 3103 2555 leges
3135 2488 3289 2541 metri
3318 2491 3683 2557 contempsit:

2365 2599 2576 2660 Desine;
2603 2600 2832 2662 Gregori,
2855 2600 3100 2659 subsiste;
3128 2603 3240 2662 quid
3273 2602 3472 2664 eloquar
3494 2606 3692 2652 omnes!

2244 2704 2301 2758 Et
2339 2703 2508 2772 potuit
2548 2711 2723 2756 tamen
2760 2703 2868 2756 alio
2897 2702 3056 2756 modo
3086 2717 3296 2758 versum
3327 2706 3609 2774 ordinare,
3637 2716 3689 2759 ut
3727 2723 3787 2762 se

2239 2795 2465 2848 condam
2505 2809 2610 2847 non
2669 2795 2821 2863 107
2877 2794 3214 2862 produceret.
3246 2794 3576 2849 Concludam
3632 2797 3784 2865 igitur

2240 2887 2571 2940 Christianas
2624 2895 2808 2953 poetas
2857 2885 3160 2940 nominibus
3211 2888 3462 2955 propriis,
3509 2873 3798 2953 praesertim
3891 2959 3895 2964 ι

2240 2993 2361 3047 qua:
2389 2995 2454 3033 ex
2487 2979 2590 3033 alio
2629 2979 2884 3034 idiomate
2924 2980 3184 3045 originem
3219 2980 3462 3042 trahunt,
3498 2981 3668 3035 libere
3696 2998 3806 3035 nsoi

2243 3071 2294 3122 in
2342 3083 2497 3123 versu
2517 3111 2531 3133 ,
2575 3071 2768 3138 partim
2799 3069 2938 3138 quod
2969 3070 3236 3137 vulgarem
3265 3071 3710 3126 consuetudinem
3758 3089 3828 3130 ca-

577 3160 682 3244 lani
718 3191 782 3244 ad
832 3209 969 3246 vers.
999 3191 1068 3246 se
1117 3193 1206 3246 Id).
1249 3207 1295 3256 ι,
1326 3203 1378 3246 et
1424 3193 1518 3248 tot
1556 3193 1646 3246 lib.
1675 3160 1728 3246 il.
1765 3192 1967 3246 Paucas
2011 3193 2137 3246 alias

2246 3160 2496 3214 ederendi
2540 3168 2912 3226 sequerentur.
2959 3162 3150 3229 partim
3192 3161 3330 3230 quod
3385 3162 3596 3228 facilius
3645 3163 3697 3216 in
3741 3163 3812 3218 his

574 3297 764 3343 vocrs,
811 3298 943 3351 quas
993 3282 1304 3336 Dracontius
1349 3283 1562 3337 diverso
1610 3283 1934 3346 intervallo,
1983 3292 2142 3352 atque

571 3374 696 3437 alii,
733 3374 964 3442 profert,
1011 3375 1120 3428 suis
1173 3375 1301 3430 locis
1328 3376 1612 3430 adnotabo.
1657 3375 1907 3430 Solemne
1935 3389 2144 3444 quoque

572 3474 653 3519 est
685 3465 988 3527 Dracontio,
1023 3474 1078 3518 ut
1107 3465 1225 3518 aliis
1255 3467 1422 3534 poetis
1452 3465 1714 3535 sequioris
1743 3466 1838 3519 :evi
1863 3508 1876 3530 ,
1907 3469 2141 3520 vocalem

571 3556 784 3610 brevem
815 3557 1015 3611 ratione
1059 3556 1224 3610 solius
1254 3572 1472 3612 cmsurze
1516 3558 1831 3628 producere,
1877 3569 1931 3611 ut
1973 3558 2061 3612 lib.
2095 3574 2139 3625 l,

571 3659 712 3699 vers.
749 3643 874 3711 150,
907 3643 1168 3715 Projicere
1197 3663 1284 3699 nec
1320 3647 1520 3712 plasma
1549 3663 1716 3702 suam.
1755 3648 1952 3701 Alit-ubi
1985 3649 2141 3702 etiam

572 3735 640 3789 ob
669 3734 833 3788 solam
875 3735 1249 3804 aSpiratiouem
1285 3737 1462 3791 hnevis
1501 3753 1527 3790 a
1572 3739 1855 3792 Dricoutio
1899 3739 2143 3806 produci-

574 3836 678 3890 tur,
707 3826 845 3894 quod
875 3835 928 3880 et
972 3829 1197 3892 ratione,
1227 3838 1280 3881 ct
1324 3838 1577 3908 veterum.
1602 3829 1848 3899 esetnplo
1893 3830 2142 3884 suS'iueri

573 3927 767 3986 potest.

653 4007 776 4064 “0.
832 4009 889 4062 In
944 4010 1243 4065 nominibus
1297 4011 1524 4079 prnpriis
1581 4026 1823 4079 magnam
1874 4011 2142 4066 licentiam

575 4112 746 4172 poeta:
773 4102 1057 4156 Christiani
1095 4115 1252 4173 atque
1281 4104 1357 4156 illi
1399 4105 1557 4157 etiam
1594 4104 1799 4171 profani
1833 4105 1919 4172 qui
1957 4105 2141 4158 eodem

575 4203 815 4260 tempore
845 4193 1177 4258 scribebant,
1211 4194 1311 4248 sibi
1353 4194 1652 4247 sumebant.
1699 4195 2042 4259 Dracontius,
2074 4195 2144 4247 si-

576 4281 688 4336 mili
737 4281 978 4336 libertate
1024 4299 1177 4348 usus,
1227 4284 1440 4337 nomina
1496 4284 1704 4353 propria
1748 4293 1804 4337 ut
1851 4285 2142 4338 collibitum

574 4373 647 4429 illi
675 4382 756 4429 est
785 4387 954 4429 metro
982 4375 1189 4445 alligat,
1215 4384 1267 4429 et
1304 4375 1442 4428 idem
1473 4389 1663 4430 nomen
1695 4375 1850 4429 modo
1882 4375 2032 4431 brevi
2062 4377 2142 4429 in-

574 4465 822 4532 tervallo,
867 4466 1026 4520 modo
1071 4467 1228 4535 longo
1260 4467 1582 4533 pronuntiat.
1639 4466 1726 4522 Sic
1777 4467 1868 4522 lib.
1899 4483 1966 4535 ll,
1999 4483 2137 4523 vers.

575 4555 707 4623 572,
739 4555 961 4624 primam
991 4558 1092 4611 rite
1119 4559 1339 4626 corripit
1371 4557 1421 4610 in
1447 4557 1756 4627 Stephanus,

696 4645 971 4709 Martyrium
994 4647 1241 4708 Stephano
1261 4649 1344 4709 qui
1365 4647 1567 4705 fecerat,
1604 4649 1716 4698 inde
1747 4651 1956 4712 recepit,

573 4729 624 4784 in
649 4729 829 4799 Elegia
859 4745 985 4785 vero
1011 4731 1252 4783 eamdem
1287 4730 1526 4797 producit
1553 4746 1694 4786 vers.
1725 4733 1844 4796 171,

696 4821 976 4884 Stephanus
1004 4830 1116 4870 ante
1143 4822 1260 4869 alios
1283 4820 1295 4868 l
1315 4821 1489 4882 ipidum
1514 4823 1604 4870 sub
1623 4824 1859 4884 grandine
1884 4831 2082 4887 martyr,

578 4903 732 4974 106
747 4903 1039 4958 uisiconlra
1059 4905 1426 4958 auctoritatem
1443 4905 1684 4960 codicum
1703 4907 1856 4961 malis
1875 4908 2143 4976 trajicere,

573 4998 701 5050 Ante
728 4995 857 5049 alios
887 4995 1178 5065 Stephanus
1206 4995 1433 5063 lapidum
1451 5042 1464 5064 ,
1489 5005 1595 5052 etc.
1621 4997 1812 5052 Verum
1847 4998 1984 5053 idem
2018 5001 2146 5054 Dra-

571 5086 780 5141 contius
805 5085 858 5140 in
889 5084 1007 5139 Isac
1037 5085 1259 5154 primam
1295 5088 1548 5154 corripuit
1579 5088 1674 5141 lib.
1702 5105 1780 5148 ιιι,
1812 5104 1950 5142 vers.
1981 5091 2106 5155 159,

698 5177 820 5235 Quid
845 5182 986 5238 pater
1000 5175 1260 5240 Abraham,
1289 5178 1402 5238 quid
1427 5177 1530 5226 lsae
1549 5180 1791 5227 meruisse
1813 5178 2083 5240 leguntur?

571 5276 627 5324 et
655 5268 900 5338 produxit
930 5267 1082 5337 paulo
1106 5276 1223 5338 post
1249 5285 1389 5324 vers.
1420 5272 1540 5338 l55,

697 5359 868 5409 Omnia
893 5362 1329 5423 perpetuo'generi
1357 5361 1655 5412 manifestius
1678 5362 1802 5413 Isac.

573 5451 843 5518 Barthius,
881 5452 975 5507 lib.
1007 5467 1058 5507 Ix
1098 5453 1349 5520 Advers.,
1381 5469 1498 5523 cap.
1534 5456 1586 5519 7,
1622 5465 1677 5508 ut
1722 5455 2002 5522 quemdam
2036 5473 2149 5513 ver-

576 5562 694 5602 sum
745 5546 1010 5601 Dracontii
1061 5548 1338 5613 restituat,
1386 5549 1456 5602 ita
1511 5548 1763 5616 prrefalur
1807 5567 1820 5603 :
1874 5549 2154 5605 Poetarum

575 5639 980 5696 Christianorum
1009 5660 1114 5696 mos
1143 5643 1277 5696 velut
1305 5654 1410 5710 est,
1443 5643 1755 5698 consuetudo
1787 5654 1947 5711 certe,
1991 5646 2156 5698 nomi-

574 5732 720 5786 nibus
749 5749 860 5796 θυαε
893 5735 1104 5800 propria
1138 5735 1395 5802 apprllant
1434 5736 1751 5805 grammatici
1771 5777 1782 5803 ,
1817 5738 1889 5790 uti
1931 5737 1981 5790 in
2014 5753 2154 5791 versu

2249 3267 2406 3320 quam
2449 3253 2500 3306 in
2547 3253 2665 3306 aliis
2692 3252 2958 3306 licentiam
2991 3253 3256 3321 poeticam
3290 3253 3461 3307 locum
3491 3253 3692 3310 habere
3714 3256 3815 3308 exi-

2247 3343 2550 3397 stimarent.
2583 3341 2780 3396 Verum
2809 3343 2876 3397 de
2920 3343 3001 3397 his
3029 3343 3276 3398 omnibus
3320 3359 3439 3413 quae
3481 3345 3551 3398 ad
3600 3345 3816 3412 peculia.

2249 3447 2359 3485 rem
2382 3430 2703 3487 Christianae
2725 3433 2920 3487 veteris
2949 3447 3172 3502 poeseos
3195 3433 3494 3500 prosodiam
3526 3434 3817 3501 pertinent,

2249 3522 2361 3576 inse
2389 3531 2445 3576 et
2490 3522 2666 3577 dedita
2715 3538 2877 3591 opera
2903 3524 2990 3593 'egi
3040 3525 3092 3578 in
3137 3523 3528 3592 prolegomenis
3575 3524 3644 3577 ad
3692 3524 3822 3578 Pru-

2247 3612 2486 3666 dentium
2505 3653 2519 3675 ,
2547 3629 2663 3682 qua:
2695 3629 2832 3667 nunc
2862 3623 3104 3683 repetere
3139 3628 3358 3668 necesse
3389 3628 3495 3667 non
3525 3623 3640 3679 est;
3676 3615 3821 3684 plura

2249 3709 2428 3754 autem
2452 3701 2554 3755 alia
2589 3703 2692 3756 illis
2728 3703 2945 3768 addere,
2977 3703 3184 3758 etiamsi
3214 3703 3265 3758 id
3309 3703 3420 3758 ﬁeri
3451 3704 3602 3758 nullo
3649 3705 3823 3760 laboro

2251 3792 2444 3860 possit,
2476 3803 2836 3862 opportunum
2870 3810 2974 3850 non
3004 3795 3230 3855 videtur.

2853 3907 3078 3963 CAPUT
3123 3908 3235 3962 XV.

2435 3997 2491 4050 Μ
2498 3999 2708 4052 ethodns
2731 3999 2783 4050 in
2811 3999 3032 4051 editione
3068 3999 3329 4053 Dracontii
3354 4002 3639 4054 observata.

2324 4098 2445 4152 14-2,
2485 4098 2738 4152 Weitzius
2782 4099 2833 4152 in
2885 4101 3106 4170 prologo
3146 4101 3394 4156 editionis
3435 4103 3708 4158 Dracontii
3749 4108 3828 4172 ju-

2251 4190 2451 4244 dicium
2485 4191 2585 4244 hoc
2617 4191 2714 4244 viri
2742 4191 3018 4258 cujusdam
3048 4192 3327 4247 clarissimi
3357 4194 3582 4262 exponit
3612 4212 3626 4247 :
3663 4193 3830 4248 Potito

2247 4283 2512 4348 scriptori,
2539 4282 2705 4349 gna'is
2741 4281 2821 4333 hic
2857 4291 3025 4334 noster
3057 4291 3154 4345 est,
3185 4284 3353 4335 omnia
3395 4284 3508 4346 iure
3558 4285 3840 4352 meritoque

2247 4370 2444 4440 integra
2487 4387 2594 4422 esse
2630 4369 2834 4431 debere,
2867 4370 3270 4440 levissimumque
3305 4372 3456 4424 etiam
3500 4375 3749 4425 mendum
3787 4376 3831 4426 ei

2250 4462 2526 4514 molestiam
2553 4461 2799 4514 exhibere.
2833 4461 2970 4514 Nihil
3001 4461 3159 4531 igitur
3190 4462 3316 4515 mihi
3348 4463 3518 4532 magis
3555 4464 3834 4517 elaboran-

2173 4546 2222 4603 D
2249 4553 2372 4610 dum
2399 4553 2514 4614 fuit,
2533 4568 2689 4620 quam
2711 4562 2765 4605 ut
2785 4545 3123 4607 Dracontium
3151 4555 3436 4622 integrum,
3457 4557 3704 4623 etquoad
3722 4555 3834 4623 ejus

2251 4645 2364 4696 lii-ri
2405 4651 2616 4709 posset.
2644 4643 2711 4696 ab
2737 4643 2882 4696 omni
2916 4645 3109 4696 mendo
3137 4659 3325 4711 purum
3359 4655 3828 4710 repraesentarcm.

2250 4735 2388 4788 Vere
2411 4734 2552 4787 enim
2586 4733 2821 4788 Muretus
2847 4734 2979 4787 dixit
3012 4734 3103 4787 lib.
3132 4750 3220 4787 vni
3256 4733 3379 4788 Var.
3430 4735 3585 4797 lect.,
3612 4749 3733 4802 cap.
3765 4735 3832 4787 ιε

2254 4825 2489 4890 Quasidie
2529 4825 2688 4894 magis
2719 4823 2948 4893 intelligo
2979 4824 3172 4876 nullam
3217 4840 3324 4876 esse
3355 4823 3594 4876 mendam
3637 4827 3710 4875 ita
3739 4841 3836 4894 pit-

2247 4918 2446 4982 sillam,
2476 4933 2628 4984 quam
2665 4933 2765 4970 non
2797 4916 3057 4986 permagni
3102 4917 3295 4969 intersit
3325 4931 3352 4968 e
3379 4925 3604 4968 veterum
3660 4932 3842 4968 monu-

2253 5008 2434 5060 mentis
2465 5007 2574 5060 tolli
2602 5023 2662 5060 ac
2703 5007 2925 5077 corrigi;
2957 5022 3113 5076 neque
3159 5005 3319 5059 ullum
3365 5005 3633 5060 hominum
3680 5023 3837 5077 genus

2254 5099 2412 5165 magis
2443 5101 2680 5164 prodesse
2715 5098 2917 5160 studiis,
2952 5113 3100 5163 quam
3126 5111 3208 5149 eos
3239 5097 3325 5166 qui
3359 5105 3603 5150 accurate
3633 5106 3681 5147 et
3713 5097 3832 5164 ﬁde-

2257 5191 2370 5242 liter
2397 5206 2599 5256 operam
2635 5190 2688 5241 in
2725 5189 2828 5242 illis
2867 5189 3144 5259 purgandis
3173 5199 3220 5241 et
3256 5189 3588 5242 emendandis
3618 5199 3834 5256 ponunt.

2263 5281 2427 5334 Unius
2455 5281 2585 5333 enim
2632 5282 2868 5333 litterata:
2895 5288 3116 5333 erratum
3157 5279 3412 5332 interdum
3441 5295 3525 5332 eas
3553 5279 3712 5330 etiam
3755 5279 3845 5330 ho-

2260 5372 2477 5424 minibus
2504 5371 2873 5424 eruditissimus
2902 5370 3120 5436 offundit
3152 5370 3399 5434 tenebras,
3432 5378 3486 5422 ut
3513 5379 3763 5437 tanquam
3793 5371 3846 5422 in

2258 5465 2403 5516 illuni
2432 5471 2578 5516 nocte
2597 5473 2822 5517 errantes
2838 5464 3011 5532 quovis
3031 5463 3198 5532 potius
3217 5463 3510 5531 perveniant
3525 5503 3540 5526 ,
3563 5479 3720 5530 quam
3742 5479 3850 5532 quo

2258 5557 2449 5612 volunt.
2478 5555 2620 5608 Idem
2653 5555 2892 5609 eruditus
2921 5565 2976 5610 et
3002 5557 3216 5625 elegans
3243 5557 3472 5624 scriptor
3511 5554 3604 5608 lib.
3637 5570 3686 5618 ι,
3718 5567 3844 5621 cap.

2266 5647 2349 5709 16,
2379 5645 2609 5698 afﬁrmat
2654 5646 2740 5699 vis
2783 5645 2946 5698 ullum
2989 5659 3108 5700 esse
3149 5645 3387 5699 codicem
3438 5654 3542 5697 tam
3593 5644 3850 5713 imperite

2265 5739 2550 5809 scriptum,
2584 5755 2643 5793 cx
2678 5755 2780 5806 quo
2809 5737 3047 5794 eruditus
3078 5737 3334 5808 prolicere
3363 5751 3466 5793 non
3496 5735 3685 5807 possit.
