3994 6290
205 292 312 350 673

1561 236 2087 336 PROLEGOMPNA.

3349 267 3448 324 675

271 407 394 462 143.
430 405 523 460 llis
551 402 844 459 rationibus
876 399 1297 468 testimoniisqne
1325 396 1538 451 innixus
1568 409 1597 448 e
1641 407 1771 448 mss.
1804 394 1856 453 Α
1882 391 2101 445 faciunt.
2153 385 2596 442 Aduotationibns
2651 384 2811 454 igitur
2860 381 2913 436 in
2959 378 3303 435 Dracontinm
3341 394 3446 434 non

200 496 468 552 codicibus
514 495 780 564 praecipue
821 505 1005 546 versus
1061 487 1325 542 Dracontii
1371 484 1619 539 exhibeo.
1667 480 1772 533 Sed

198 587 444 654 quoniam
487 586 620 639 alter
646 601 676 639 e
715 583 924 637 duobus
952 579 1223 635 codicibus
1265 573 1532 630 Vaticanis
1564 571 1774 625 mendis

201 677 443 746 pluribus
467 685 628 730 scatet
651 714 668 739 ,
697 681 870 728 errata
898 687 1014 739 qua:
1039 669 1158 723 talia
1184 667 1312 721 mihi
1333 673 1480 720 certo
1505 670 1595 716 ant
1620 661 1772 714 valde

202 767 549 836 probabiliter
562 767 670 820 visa
689 775 807 820 sunt
828 763 1058 825 correxi,
1081 762 1236 830 108
1251 770 1304 814 et
1321 758 1596 812 lectionem
1615 769 1769 822 qttam

197 871 380 911 veram
405 867 494 910 aut
513 856 575 908 ad
597 871 772 910 veram
797 853 1036 922 proxime
1055 851 1395 906 accedentem
1416 847 1659 915 putabam
1687 858 1767 897 re-

196 947 361 1001 stitui.
387 946 738 1002 Nihilominus
761 945 977 998 liberam
1012 942 1312 995 facultatem
1334 939 1484 991 aliter
1501 933 1770 1004 judicandi

196 1049 250 1093 et
281 1039 578 1108 corrigendi
609 1037 726 1091 aliis
756 1037 939 1104 reliqui
958 1075 974 1101 ,
1019 1031 1273 1102 subjectis
1299 1029 1474 1084 verbis
1501 1024 1772 1081 mendosis

196 1144 313 1198 qua:
343 1129 397 1182 in
426 1129 609 1182 codice
651 1127 926 1196 leguntur;
975 1139 1076 1194 qua
1116 1125 1167 1178 in
1213 1137 1270 1176 re
1315 1120 1475 1174 nimia
1506 1117 1766 1188 quadam,

196 1231 244 1276 et
272 1237 392 1291 qua:
438 1222 663 1274 obscura
711 1219 877 1273 videri
919 1219 1111 1288 possit,
1143 1212 1417 1283 diligentia
1457 1224 1586 1264 usus
1617 1223 1767 1272 sum,

195 1324 312 1364 cum
333 1322 505 1366 errata
531 1310 727 1365 librarii
760 1310 979 1363 minime
1002 1308 1158 1362 dubia
1187 1304 1384 1375 passim
1409 1299 1768 1368 ascripserim.

197 1404 399 1459 Inutilis
448 1415 622 1458 tamen
671 1418 776 1457 non
825 1411 905 1455 est
947 1401 1032 1455 hic
1081 1400 1229 1456 labor
1272 1394 1570 1451 censendus
1613 1409 1624 1444 :
1664 1389 1772 1460 pri-

197 1512 335 1550 mum
378 1497 498 1566 quia
527 1512 668 1566 smpe
711 1494 902 1550 accidit
948 1501 1006 1548 ut
1050 1507 1210 1546 unum
1261 1489 1506 1556 idemque
1549 1483 1768 1543 verbum

197 1585 306 1642 aliis
349 1587 490 1641 clare
518 1585 864 1648 mendosum,
892 1583 1009 1637 aliis
1053 1590 1240 1636 contra
1268 1593 1453 1632 verum
1497 1575 1767 1638 videatur;

198 1687 301 1732 tum
345 1679 467 1748 quia
497 1677 780 1745 aliquando
809 1693 839 1732 e
879 1691 1008 1731 voce
1039 1676 1214 1743 aliqua
1246 1673 1532 1739 depravate
1572 1669 1768 1736 scripti

1877 481 2046 535 solum
2075 494 2138 534 ea
2165 475 2667 548 comprehendimus
2691 489 2808 544 qua:
2838 473 2903 526 ad
2936 470 3208 526 historiam
3240 483 3444 523 sacram

1874 583 1926 626 et
1955 571 2253 641 profanam,
2295 570 2358 623 ad
2399 567 2811 638 philosophiam,
2845 565 2911 618 ad
2955 579 3160 618 sacram
3203 562 3444 630 Scriptu-

1879 676 1991 714 ram
2036 667 2090 714 et
2136 652 2453 728 theologiam
2500 665 2766 726 spectant,
2816 655 3192 726 verum,etiam
3235 652 3445 706 criticas

1876 753 2279 807 observationes
2302 751 2368 805 de
2397 751 2719 820 proprietate
2747 757 2800 802 et
2839 747 3222 816 significatione
3252 743 3446 798 verbo-

1887 859 2031 908 rum,
2062 851 2221 912 atque
2249 841 2384 895 adeo
2420 841 2756 910 conjecturas
2779 838 3026 902 aliorum,
3060 847 3106 889 et
3134 843 3341 886 nostras
3379 831 3444 886 de

1886 935 2030 989 varia
2061 949 2312 988 versuum
2360 933 2589 986 lectione
2628 929 2958 985 admittenda
3005 929 3086 983 vel
3134 925 3442 994 rejieienda.

1881 1027 2015 1082 Nam
2049 1025 2314 1080 interdum
2355 1024 2547 1079 accidit
2586 1032 2641 1078 ut
2679 1025 2937 1092 scriptura
2983 1037 3100 1091 quae
3131 1019 3443 1074 auctoritate

1873 1116 2077 1170 codicis
2128 1115 2386 1170 retinetur
2433 1129 2537 1168 non
2584 1112 2736 1166 valde
2779 1112 3007 1180 placeat,
3059 1123 3178 1178 qua:
3220 1107 3441 1176 proinde

1872 1208 2178 1278 conjectura
2206 1209 2380 1276 aliqua
2419 1207 2772 1270 sollicitatur;
2805 1203 3096 1267 interdum,
3123 1210 3180 1255 ut
3211 1216 3310 1253 vox
3343 1200 3442 1252 ali-

1873 1317 1975 1370 qua
1999 1302 2242 1356 restituta
2268 1301 2335 1353 sit
2362 1299 2429 1353 ob
2455 1297 2704 1370 mendum
2735 1294 2936 1350 codicis
2961 1293 3318 1362 perspicuum,
3351 1289 3441 1342 sed

1874 1395 2100 1448 fortasse
2127 1393 2226 1446 alia
2261 1407 2359 1446 vox
2391 1367 2724 1452 melitts,'aut
2755 1401 2906 1456 mque
2939 1385 3076 1439 bene
3103 1392 3285 1451 posset
3321 1380 3443 1434 sub-

1873 1483 2040 1545 stitui,
2088 1482 2226 1552 quod
2273 1483 2390 1536 sine
2444 1481 2620 1550 aliqua
2667 1477 3022 1547 explicatione
3071 1471 3293 1540 intelligi
3339 1484 3444 1524 non

1876 1582 2074 1642 posset.
2122 1573 2278 1627 Ratio
2333 1583 2592 1641 praeterea
2631 1568 2899 1624 reddenda
2955 1575 3037 1621 est
3083 1580 3180 1619 cur
3219 1563 3445 1616 aliorum

1869 1665 2194 1733 conjectum
2240 1664 2526 1734 aliquando
2574 1677 2676 1716 non
2709 1661 2973 1730 placeant,
3015 1657 3156 1728 quod
3208 1655 3258 1710 in
3306 1653 3444 1708 notis

198 1782 316 1824 vera
361 1770 519 1825 lectio
559 1772 781 1831 eruitur,
815 1777 868 1822 et
912 1767 1136 1821 fortasse
1165 1763 1304 1833 quod
1347 1777 1374 1814 a
1423 1775 1508 1815 me
1552 1759 1765 1814 restitu-
1803 1757 1848 1814 Β
1873 1763 2172 1824 opportune
2203 1755 2312 1808 fiet.

198 1869 304 1912 tum
337 1867 448 1920 est,
480 1857 602 1912 aliis
633 1874 738 1912 non
773 1855 1026 1925 placebit,
1055 1863 1106 1909 et
1131 1868 1195 1907 ex
1227 1849 1416 1906 menda
1449 1847 1644 1902 codicis
1671 1846 1767 1914 ipsi

197 1948 333 2002 aliud
369 1949 666 2013 invenient;
713 1957 968 2016 prmleren
1002 1945 1125 2015 quia
1165 1942 1379 2012 prodest
1411 1938 1611 1994 librarii
1659 1951 1770 1989 ma-

199 2054 323 2094 num
352 2039 740 2110 quodammodo
769 2053 949 2103 nosse,
976 2047 1029 2092 et
1058 2052 1124 2091 ex
1146 2034 1336 2090 erratis
1363 2046 1481 2100 qua:
1507 2030 1639 2084 solet
1672 2027 1770 2081 ad-

126 2125 129 2128 ’
199 2133 433 2200 mittere,
468 2147 646 2187 veram
667 2131 982 2200 scripturam
1013 2129 1064 2184 in
1089 2127 1203 2181 aliis
1228 2125 1356 2180 locis
1378 2123 1614 2177 obscuris
1638 2133 1768 2175 con-

181 2219 414 2288 jectare.

261 2312 388 2365 Mi.
415 2311 468 2365 ln
499 2311 630 2366 libro
652 2328 668 2366 ι
699 2310 953 2367 carminis
981 2309 1046 2364 de
1071 2309 1178 2364 Deo
1200 2321 1366 2377 usque
1388 2305 1453 2358 ad
1476 2319 1618 2358 vers.
1648 2301 1768 2366 ll6,

199 2399 375 2455 Prima
421 2404 549 2466 dics,
598 2404 741 2458 stilus
793 2402 959 2458 codex
1013 2401 1296 2455 Vaticanus
1337 2398 1638 2452 adbibi-tur.
1694 2393 1773 2447 Ab

198 2497 292 2547 hoc
328 2509 484 2548 versu
532 2494 626 2549 ll6
670 2509 836 2564 usque
879 2493 944 2546 ad
977 2492 1219 2546 ultimum
1251 2489 1371 2544 libri
1399 2502 1608 2540 vorsum
1639 2485 1770 2548 73!,

197 2584 310 2648 Quo
342 2596 389 2639 te
432 2587 701 2656 promittis,
732 2587 986 2640 lectiones
1017 2583 1283 2636 variartes
1308 2596 1336 2633 c
1367 2588 1592 2648 quatuor
1629 2576 1776 2630 codi-

197 2677 349 2730 cibus
381 2677 745 2745 proferuntur,
783 2676 987 2731 scilicet
1017 2674 1186 2743 primo
1213 2687 1242 2727 e
1281 2671 1466 2726 codice
1508 2670 1564 2724 S.
1595 2667 1772 2720 Victo-

198 2769 270 2819 r's
300 2767 636 2831 Parisiensis,
663 2768 776 2821 sive
806 2782 869 2820 cx
896 2765 1130 2820 editione
1170 2765 1336 2833 prima
1383 2759 1649 2815 Dracontii
1681 2759 1776 2810 Pa-

198 2857 342 2911 risiis
383 2857 448 2911 ad
491 2859 629 2912 hunc
675 2857 912 2912 codicem
959 2856 1317 2920 conformata;
1361 2853 1592 2908 secundo
1625 2867 1653 2904 c
1683 2865 1774 2903 co-

197 2950 315 3004 dice
351 2951 665 3005 Pari~iensis
695 2950 1029 3005 bibliotheca:
1071 2947 1270 3016 Regim,
1300 2945 1412 3001 sive
1446 2960 1508 2998 ex
1541 2943 1778 2996 editione

199 3039 472 3095 Dracontii
508 3055 662 3109 quam
692 3039 1030 3104 Sirmondus,
1060 3053 1124 3092 eo
1164 3035 1348 3090 codice
1387 3049 1536 3096 usus,
1585 3047 1775 3100 procu-

1945 1845 2065 1899 HG.
2109 1846 2346 1899 Lacunas
2383 1860 2499 1913 quae
2531 1844 2582 1898 in
2611 1844 2849 1899 carmine
2876 1843 2942 1895 de
2973 1841 3084 1894 Deo
3129 1843 3440 1900 occurrunt,

1870 1941 2107 1994 satiusne
2135 1939 2296 1993 fuerit
2331 1939 2400 1992 ita
2425 1947 2483 1992 ut
2512 1946 2656 2004 sunt,
2683 1937 3011 2006 relinquere,
3054 1950 3119 1987 an
3148 1933 3324 2001 aliquo
3352 1944 3444 1999 pa-

1871 2041 1958 2086 eto
1985 2031 2259 2100 supplere,
2293 2041 2498 2100 poterat
2524 2031 2574 2083 in
2608 2029 3027 2084 controversiam
3057 2025 3260 2080 vocari.
3286 2023 3444 2093 Equi-

1883 2124 2004 2179 dem
2034 2125 2292 2178 rationem
2314 2125 2648 2192 aliorumque
2669 2124 2970 2191 exemplum
2998 2130 3233 2182 secutus,
3260 2117 3444 2184 hujus-

1874 2215 2015 2268 modi
2069 2217 2438 2284 supplementa
2483 2215 2713 2284 adjicere
2749 2212 2929 2269 malui.
2959 2211 3250 2265 Plurimum
3300 2207 3443 2261 enim

1866 2305 2040 2375 juvari
2075 2315 2248 2374 potest
2278 2308 2464 2372 lector,
2506 2307 2551 2362 si
2585 2307 2773 2362 eodem
2799 2303 3060 2361 orationis
3106 2301 3192 2354 lilo
3231 2307 3444 2353 sentcn-

1876 2400 2001 2453 tiam
2047 2415 2151 2454 non
2198 2401 2548 2469 interruptam
2581 2399 2741 2470 legat,
2787 2407 2946 2467 atque
2978 2397 3047 2449 ita
3092 2389 3443 2463 prtecedentia

1874 2505 1994 2544 cum
2048 2491 2395 2559 sequentibus
2441 2491 2748 2559 conjungat.
2812 2488 3020 2544 Etenim
3071 2485 3115 2539 si
3161 2482 3442 2538 deficiente

1875 2597 2030 2636 versu
2069 2582 2247 2652 aliquo
2277 2591 2366 2637 aut
2395 2582 2731 2636 bemisticbio
2761 2593 2948 2636 sensus
2982 2575 3199 2631 omnino
3248 2575 3443 2642 imper-

1878 2673 2046 2728 fectus
2077 2675 2431 2744 relinquatur,
2460 2674 2754 2736 immorari,
2780 2681 2831 2726 et
2859 2685 3037 2724 secum
3067 2665 3311 2722 con'erre
3343 2663 3438 2718 de-

1878 2767 2021 2821 bebit
2052 2766 2175 2836 quid
2201 2776 2385 2820 auctor
2407 2766 2620 2830 dixerit,
2653 2774 2706 2819 et
2734 2779 2829 2818 cur
2862 2761 2965 2816 alia
2997 2776 3114 2830 quae
3151 2766 3446 2828 sequuntur

1843 2839 2164 2912 ‘addiderit.
2200 2858 2478 2912 Provisum
2525 2868 2699 2911 tamen
2730 2862 2811 2909 est
2853 2865 2909 2908 ut
2944 2852 3056 2906 hate
3082 2849 3444 2920 supplementa

1878 2963 1907 3000 a
1960 2949 2138 3002 verbis
2188 2948 2455 3002 Dracontii
2497 2947 2643 3002 clare
2688 2946 3079 3014 distinguantur
3120 2940 3242 2996 :sic
3291 2952 3446 2992 nemo

1879 3047 2132 3107 queretur
2155 3036 2329 3092 fucum
2356 3037 2456 3092 sibi
2489 3037 2623 3091 ﬁeri.
2656 3036 2770 3090 Non
2802 3050 2886 3089 me
2909 3031 3143 3104 preterit
3184 3029 3319 3084 male
3352 3041 3447 3081 au-

197 3132 380 3196 ravit;
431 3133 586 3186 tertio
628 3148 658 3187 e
718 3133 902 3187 codice
965 3133 1214 3199 Azagrm,
1256 3129 1370 3182 sive
1423 3142 1489 3182 ex
1546 3125 1778 3180 editione
1805 3124 1849 3186 C
1881 3131 1997 3184 dire
2034 3131 2188 3200 110
2218 3131 2504 3184 nonnullos
2533 3127 2929 3199 grammaticns,
2979 3125 3071 3195 (ιιιί
3097 3139 3281 3179 versus
3311 3135 3447 3188 quos

198 3225 502 3279 Matritensi
549 3225 648 3280 PP.
677 3225 1093 3290 Tnlctanornm,
1137 3224 1188 3277 in
1233 3237 1334 3293 qua
1377 3221 1443 3276 ad
1487 3219 1776 3288 marginem

199 3315 506 3370 carminum
560 3316 858 3382 Dracontii,
906 3325 997 3370 aut
1044 3317 1097 3370 in
1149 3315 1252 3368 fine
1305 3313 1508 3382 pagina:
1551 3309 1780 3364 varietas

198 3407 486 3476 scriptura:
511 3405 707 3461 codicis
732 3408 950 3476 Azagrac
975 3406 1289 3471 adnotatur;
1317 3411 1511 3474 quarto
1549 3401 1780 3469 denique

199 3514 228 3552 e
267 3508 460 3552 nostro
496 3497 752 3552 Vaticano
789 3499 994 3553 codice.
1040 3497 1187 3551 Nota:
1215 3497 1408 3566 quibus
1440 3495 1539 3549 hos
1571 3494 1782 3548 codices

201 3589 546 3659 designatnus
576 3589 758 3644 faciles
798 3598 922 3642 sunt
961 3587 1270 3642 intellectu:
1305 3602 1426 3640 nam
1460 3585 1594 3638 Vict.
1623 3583 1783 3651 signi-

201 3681 324 3735 ficat
370 3682 601 3748 primum
647 3679 885 3733 codicem
929 3678 984 3733 S.
1015 3678 1266 3743 Victoris,
1302 3677 1461 3732 Sirm.
1491 3673 1781 3730 secundum

202 3771 479 3835 codicem,
506 3783 662 3837 quem
693 3768 1008 3822 Sirmondus
1036 3768 1308 3831 adhibuit;
1351 3769 1536 3836 Azogr.
1571 3763 1812 3818 tettiutn'

201 3863 482 3927 codicem,
529 3863 617 3930 qtti
652 3861 749 3916 fttit
791 3865 1035 3930 Azagrze;
1074 3860 1192 3914 Vat.
1230 3859 1466 3913 codicem
1505 3866 1782 3926 quartum,

201 3954 289 4020 qni
319 3965 403 4007 est
434 3952 738 4025 Vaticanus.
767 3952 819 4006 In
851 3953 987 4006 libro
1012 3951 1250 4006 secundo
1273 3962 1322 4004 et
1348 3949 1506 4004 tertio
1534 3947 1786 4001 carminis

201 4047 268 4100 de
301 4047 415 4099 Deo
446 4046 622 4100 nulltls
647 4045 786 4099 alius
819 4044 971 4099 nobis
997 4053 1074 4098 est
1103 4043 1412 4113 allegandus
1453 4041 1621 4096 codex
1641 4082 1653 4104 ,
1685 4039 1786 4092 nisi

205 4138 520 4192 Vaticanus.
565 4136 618 4190 In
663 4137 840 4206 Elegia
872 4139 985 4191 sive
1015 4134 1394 4190 Satisfactione
1427 4143 1536 4188 tres
1574 4131 1787 4186 codices

201 4229 510 4315 laudantur,
556 4227 984 4291 Sirmondianus,
1035 4225 1354 4295 Azagrensis
1394 4239 1439 4279 et
1476 4223 1786 4278 Vaticanus.

200 4319 343 4373 Cum
387 4328 562 4374 autem
594 4319 910 4389 primigenia
954 4317 1224 4372 Dracontii
1271 4317 1508 4370 carmina
1551 4315 1791 4384 proposi-

203 4420 319 4463 tum
345 4409 417 4462 sit
456 4408 607 4464 nobis
650 4410 1009 4479 promulgare,
1045 4409 1255 4464 caeteris
1287 4408 1532 4462 omnibus
1574 4405 1790 4460 codices

1887 3221 2134 3292 Virgilius
2172 3223 2448 3277 inchoatas
2481 3221 2788 3290 reliquerat,
2821 3219 3072 3289 supplere
3098 3216 3274 3272 conati
3303 3223 3447 3269 sunt.

1883 3313 1987 3368 Sed
2017 3323 2372 3384 praeterquam
2419 3315 2561 3384 quod
2597 3313 2884 3368 discrimen
2916 3321 2997 3367 est
3033 3325 3282 3380 magnum
3314 3309 3449 3363 inter

1885 3423 2070 3462 versus
2102 3409 2391 3473 Dracontii,
2425 3408 2515 3478 qui
2551 3408 2680 3462 vitio
2702 3406 2944 3461 codicum
2981 3403 3275 3474 imperfecti
3303 3409 3449 3464 sunt,

1883 3510 1937 3554 et
1979 3499 2189 3569 Virgilii
2217 3515 2425 3565 versus,
2449 3514 2583 3568 quos
2627 3500 2739 3568 ipse
2783 3497 3019 3550 nondum
3067 3496 3450 3566 compleverat.

1886 3605 2060 3659 neque
2117 3605 2146 3643 a
2185 3589 2348 3644 Vario
2385 3599 2440 3645 et
2467 3591 2641 3644 Tucca
2680 3589 2938 3656 compleri
2983 3588 3245 3651 voluerat,
3277 3599 3451 3656 gram-

1887 3680 2064 3735 matici
2093 3681 2165 3734 illi
2198 3681 2298 3734 hac
2325 3682 2655 3749 potissimum
2685 3679 2754 3736 de
2780 3695 2938 3734 causa
2969 3679 3276 3746 reprehensi
3306 3686 3452 3742 sunt,

1887 3772 2026 3838 quo-l
2060 3787 2164 3826 non
2190 3772 2362 3826 solum
2400 3772 2673 3838 audacter,
2704 3772 2800 3828 sed
2831 3773 2990 3826 etiam
3025 3781 3224 3826 temere
3252 3780 3306 3825 et
3338 3770 3454 3825 ine-

1891 3875 1978 3932 pte
2021 3864 2319 3934 Virgilianae
2371 3879 2619 3934 purpurae
2669 3866 2984 3919 vilissimum
3021 3879 3175 3918 suum
3220 3877 3453 3930 pannum

1889 3955 2304 4020 adtniscuerunt,
2348 3965 2406 4011 ιιι
2435 3955 2525 4026 qui
2556 3971 2770 4011 versum
2803 3969 2832 4009 a
2864 3954 3086 4024 Virgilio
3131 3955 3198 4008 ita
3241 3953 3455 4006 inchoa-

1891 4055 2024 4114 tum,
2073 4049 2228 4113 Quem
2265 4049 2354 4102 tibi
2375 4051 2489 4121 jam
2538 4048 2713 4117 Troja,
2759 4048 2828 4102 ita
2865 4046 3114 4110 absolvit,
3166 4046 3323 4110 Quem
3367 4043 3456 4098 tibi

1883 4139 1995 4206 jam
2021 4139 2175 4210 Troja
2200 4141 2392 4210 peperit
2407 4139 2636 4208 fumante
2659 4137 2868 4191 Creusa.
2895 4137 3082 4190 Nescio
3111 4151 3236 4190 vero
3259 4150 3325 4188 an
3351 4152 3379 4186 ιι
3403 4149 3458 4188 a-

1890 4232 1970 4300 gis
2000 4233 2107 4285 risu
2136 4233 2351 4300 dignum
2397 4231 2486 4296 sit,
2520 4231 2658 4299 quod
2699 4229 2938 4284 nonnulli
2973 4230 3052 4282 his
3091 4229 3332 4283 versibus
3364 4227 3460 4280 im-

1893 4320 2144 4388 per-feeds
2181 4321 2384 4391 Virgilii
2433 4325 2738 4390 In}8lcrittln
2772 4320 3034 4387 quoddam
3074 4321 3201 4372 artis
3244 4319 3461 4386 poetica:

1897 4413 2070 4466 inesse
2107 4412 2454 4477 crediderint,
2488 4411 2627 4480 quod
2665 4411 2822 4464 etiam
2850 4410 2950 4464 sibi
2991 4408 3303 4463 imitandum
3349 4423 3462 4476 pro~

203 4501 498 4555 Vaticanos
527 4500 878 4570 pra-ferimus,
909 4501 1106 4570 quippe
1133 4501 1220 4570 qui
1247 4501 1312 4553 ab
1339 4499 1558 4567 Eugenii
1603 4512 1778 4550 emcn-

1896 4505 2192 4573 posuerint.
2221 4503 2421 4558 Aonius
2452 4503 2741 4568 Palearius,
2771 4506 2919 4571 cujus
2951 4517 3112 4568 opera
3144 4502 3320 4555 minus
3351 4499 3461 4552 for-

201 4591 428 4646 datione
471 4592 552 4647 vel
597 4591 1008 4660 interpolatione
1060 4592 1277 4646 omnino
1323 4589 1477 4661 109
1523 4591 1784 4642 immunes

201 4693 336 4739 sunt
359 4683 685 4738 conservati.
713 4684 941 4739 Maculas
972 4698 1100 4738 vero
1128 4699 1246 4751 quae
1271 4684 1659 4750 exscripzorum
1696 4694 1787 4730 ne-

199 4777 462 4848 gligentia
486 4785 542 4831 et
573 4785 871 4846 temporum
901 4777 1090 4846 injuria
1128 4777 1178 4830 in
1219 4775 1489 4831 codicibus
1518 4770 1788 4826 Vaticanis

200 4867 579 4935 irrep-erunt,
618 4867 845 4920 aliorum
896 4867 1138 4922 codicum
1193 4882 1325 4936 ope,
1367 4865 1787 4935 quotiescunque

200 4955 495 5010 commodo
523 4955 572 5009 id
605 4956 715 5024 fieri
745 4957 944 5024 potuit,
974 4957 1315 5011 detersimus.

279 5050 409 5104 145.
461 5023 870 5118 Possent.etiam
913 5051 1050 5102 inter
1086 5052 1349 5104 variantes
1375 5049 1629 5103 lectiones
1672 5047 1789 5100 alia:

200 5150 322 5195 tres
342 5139 605 5193 editiones
634 5139 993 5202 annumerari,
1026 5139 1274 5192 videlicet
1300 5154 1430 5206 quas
1461 5137 1655 5206 Geurg.
1689 5136 1786 5189 Fa-

201 5231 434 5296 bricius,
467 5228 722 5284 Wcitzius
750 5239 803 5284 et
833 5229 1052 5282 Rivinus
1081 5229 1432 5282 adornarunt.
1466 5227 1663 5280 Verum
1701 5241 1789 5279 sa—

203 5323 320 5377 tius
344 5322 472 5375 duxi
503 5321 568 5376 ad
611 5331 762 5376 notas
793 5337 910 5390 qua:
939 5322 1264 5376 variantibus
1292 5311 1622 5374 lectionibus
1656 5320 1788 5373 sub-

201 5417 490 5487 jiciuntur,
543 5415 732 5470 horum
787 5414 1051 5468 editorum
1105 5414 1441 5480 conjecturas
1494 5413 1718 5482 rejiccre
1774 5429 1787 5464 :

205 5507 571 5575 conjecturas.
603 5509 814 5577 inquam
841 5522 855 5559 :
887 5521 1006 5559 cum
1035 5506 1174 5559 enim
1204 5505 1278 5557 illi
1309 5505 1509 5558 nullum
1547 5506 1788 5558 codicem

207 5613 376 5653 manu
415 5609 690 5652 exaratum
721 5613 828 5666 pra:
857 5595 1026 5652 oculis
1058 5593 1362 5658 habuerint,
1405 5595 1492 5649 ubi
1523 5611 1550 5649 a
1593 5605 1679 5648 vet
1702 5596 1790 5648 -ri-

207 5689 314 5747 bus
358 5691 676 5748 editi'inibus
716 5691 1044 5760 discrepant,
1090 5688 1140 5744 id
1184 5697 1389 5745 tant'un
1445 5687 1785 5758 conjiciendo

1895 4605 2035 4650 tasse
2063 4605 2451 4666 qutercrentur,
2494 4595 2537 4649 si
2584 4602 2690 4648 tam
2719 4595 2902 4648 infami
2947 4605 3118 4648 morze
3150 4608 3252 4647 non
3297 4592 3464 4648 obiis-

1892 4697 1996 4754 set,
2041 4689 2094 4742 in
2138 4703 2237 4742 suo
2283 4697 2526 4756 poemate
2571 4687 2639 4742 de
2685 4686 3086 4740 lnimortalitate
3132 4685 3322 4738 anima:
3365 4685 3464 4738 hoc

1893 4781 2052 4835 etiam
2081 4781 2208 4834 vitio
2237 4779 2530 4834 delectatus
2555 4787 2656 4842 est,
2681 4788 2736 4832 ut
2762 4778 3018 4846 quosdam
3043 4791 3230 4830 versus
3261 4783 3464 4828 tan'um

1897 4869 2175 4925 inchoatos
2216 4869 2462 4934 ediderit,
2504 4868 2723 4936 perinde
2762 4867 2911 4935 quasi
2961 4865 3092 4919 nihil
3135 4865 3185 4918 iu
3233 4874 3464 4918 mentem

1897 4963 2079 5016 venire
2107 4961 2364 5032 potuisset
2387 4961 2524 5030 quod
2557 4960 2964 5029 praecedentium
2995 4958 3464 5026 consequentium-

1894 5068 1996 5123 que
2021 5053 2355 5121 majestatem
2386 5063 2709 5121 exaequaret.
2735 5051 3153 5105 Prrclertnissum
3179 5049 3278 5103 hoc
3309 5057 3465 5118 eaput

1893 5154 1976 5198 est
2006 5158 2036 5196 a
2060 5141 2141 5197 Jo.
2179 5144 2370 5197 Burch.
2405 5142 2715 5197 Mcnckenio
2745 5142 2795 5196 in
2827 5156 2923 5196 suo
2955 5143 3134 5195 libello
3164 5141 3230 5194 de
3251 5139 3465 5195 Charia-

1896 5235 2094 5288 tancria
2125 5234 2481 5288 eruditorum.

1969 5328 2090 5382 M7.
2123 5328 2362 5381 Aliorum
2388 5328 2615 5396 plurium
2645 5327 2732 5394 qui
2761 5338 2994 5380 veterum
3026 5327 3222 5393 scripta
3257 5341 3466 5379 emacu-

1898 5419 2072 5473 larunt
2101 5419 2358 5472 indusu-ia
2403 5433 2432 5471 a
2479 5419 2746 5487 plerisque
2779 5418 2910 5470 laud.
2937 5428 2983 5470 ta
3023 5428 3124 5471 cst.
3172 5418 3378 5480 Cicero,
3423 5418 3465 5470 si

1901 5509 2032 5564 fides
2098 5509 2335 5563 habenda
2395 5508 2464 5561 sit
2521 5508 2784 5584 Chronico
2839 5509 3170 5572 Eusebiauo,
3241 5506 3468 5562 Lucretii

1901 5618 2087 5670 poema
2127 5602 2449 5656 emendavit.
2481 5602 2796 5666 Aristarchi,
2833 5604 3082 5673 Lcogora:
3127 5604 3468 5675 Syracusani,

1899 5703 1952 5748 et
1991 5693 2245 5750 Zenodoti
2284 5694 2522 5764 Ephesii,
2555 5695 2643 5766 qui
2687 5711 2902 5766 operam
2933 5711 3084 5751 suam
3132 5699 3181 5752 in
3230 5697 3470 5751 versibus
