4016 6280
635 333 743 388 6⁸75

2047 333 2491 390 DBACONTIBS.

3775 349 3859 409 676

635 467 852 524 llomeri
904 468 1230 540 corrigendis
1270 468 1625 534 collocarunt,
1678 468 1922 523 meminit
1977 468 2187 522 Isidorn:

2280 484 2287 506 ι
2315 458 2442 513 rtus,
2470 449 2555 503 ubi
2591 451 2751 506 multa
2783 452 2881 504 alia
2916 453 2966 505 in
2994 451 3236 506 eazmlem
3279 455 3600 510 sententiam
3630 456 3854 526 disputat.

553 571 556 574 '
636 560 730 615 lib.
779 576 795 614 I
836 559 1006 628 0rig.,
1061 575 1181 629 cap.
1231 559 1322 614 21.
1365 559 1407 614 Β
1457 560 1844 615 recentioribus
1894 549 2209 614 Franciscus

633 651 880 704 Nams’us
925 648 1329 706 commendatur
1362 665 1392 704 a
1433 651 1617 720 Lipsio
1657 641 1801 706 cent.
1841 650 1896 718 2,
1928 652 2084 720 epist.
2118 649 2207 712 60,

630 741 773 810 quod
803 740 1045 794 Nonnum
1083 741 1522 810 Panopolitanum
1553 756 1582 794 a
1631 739 1844 795 mendis
1873 738 2203 809 purgaverit.

630 829 854 901 Propius
893 832 958 884 ad
1008 847 1126 907 rem
1170 842 1407 887 nostram
1455 833 1686 902 pertinet
1714 831 1855 902 quod
1886 830 1937 885 in
1978 831 2208 899 Corippo

628 925 832 990 Azagra
859 922 1100 988 qumdam
1146 923 1260 978 loca
1305 924 1456 992 plane
1491 932 1741 992 corrupta
1773 939 1836 978 ex
1867 924 2082 993 ingenio
2121 939 2206 978 re-

625 1012 819 1078 stituit,
855 1014 1166 1068 Demsterus
1209 1016 1422 1068 lacunas
1463 1015 1750 1083 supplevit,
1781 1029 2035 1082 suamque
2072 1015 2206 1066 hanc

628 1104 820 1172 agendi
849 1105 1106 1158 rationem
1139 1114 1335 1170 tuetur,
1361 1119 1423 1159 ac
1446 1113 1714 1173 postremo
1739 1103 2206 1173 Fogginiusnovas

631 1195 969 1264 conjecturas
989 1195 1470 1264 castigationesque
1491 1195 1754 1264 apposuit.
1782 1194 1999 1249 Joannis
2021 1194 2206 1248 Frein-

627 1284 820 1339 sbentii
849 1294 971 1338 nota
1003 1297 1124 1339 sunt
1151 1283 1524 1354 supplementa
1546 1284 1613 1338 ad
1641 1284 1903 1348 Tacitum,
1940 1283 2200 1350 Curtium,

625 1386 683 1431 et
726 1375 959 1430 Livium.
1001 1375 1058 1430 ln
1114 1376 1471 1434 Miscellaneis
1514 1377 1777 1448 Lipsicus.
1821 1386 1949 1430 tom.
1988 1377 2025 1439 l,
2074 1391 2198 1429 ann.

633 1465 798 1529 1716,
831 1465 1087 1518 insertum
1133 1474 1217 1520 est
1250 1468 1674 1535 supplementum
1717 1467 2008 1521 fabularum
2055 1467 2203 1519 l‘lue-

628 1553 735 1619 dri,
776 1566 993 1609 auctore
1039 1555 1108 1609 Μ.
1158 1555 1542 1626 Christopltoro
1585 1557 1836 1626 llanptio.
1891 1557 2200 1625 llnjusmodi

636 1648 790 1715 ιιι
818 1647 1138 1711 conjecturae
1168 1656 1220 1700 et
1241 1646 1639 1700 emendationes
1671 1647 1720 1700 in
1753 1647 1834 1699 his
1855 1647 2202 1715 scriptoribus

627 1736 803 1788 solent
834 1748 955 1788 esse
990 1734 1157 1804 magis
1189 1735 1528 1798 necessaria,
1561 1752 1787 1804 quorutn
1819 1750 1977 1803 opera
2013 1739 2061 1786 in
2095 1751 2200 1788 uno

2315 541 2387 594 Ex
2426 541 2535 608 ipsa
2580 541 2712 596 adeo
2756 543 2832 595 ira
2875 543 3208 596 occasionem
3240 543 3520 599 laudandae
3549 547 3752 616 pietatis
3778 566 3851 606 su.

2313 631 2424 695 mit,
2458 641 2512 684 ut
2537 631 2626 686 lib.
2661 647 2698 696 ι,
2725 648 2868 687 vers.
2901 634 3037 687 556:

2435 723 2604 783 Magna
2630 723 2719 774 Del
2746 727 2920 788 pietas,
2954 741 3151 790 semper
3171 731 3254 790 qui
3279 736 3524 792 temperat
3550 732 3663 781 iras.

2309 805 2374 860 Et
2405 806 2455 860 in
2487 806 2592 861 fine
2622 807 2711 861 lib.
2744 822 2821 874 ut,
2853 823 2991 863 vers.
3026 809 3170 864 658:

2429 896 2568 961 Quod
2593 897 2730 946 vlvus
2753 911 2880 958 sum,
2901 902 3070 961 mortis
3087 902 3228 961 inops
3249 904 3433 960 pietate
3454 914 3698 961 reserror,

2429 957 2532 1022 Eon
2559 959 2806 1022 irarnam
2839 957 2878 1006 si
2916 959 3105 1008 Domini
3137 957 3297 1022 gravis
3322 963 3389 1010 ira
3421 963 3614 1020 fuisset,

2430 1019 2532 1082 Non
2559 1033 2636 1068 me
2656 1021 2899 1079 differres,
2924 1022 3083 1069 subita
3109 1019 3194 1068 scd
3226 1031 3382 1070 morte
3421 1037 3646 1082 necares,

2373 1085 2380 1096 ‘
2427 1081 2501 1149 b'e
2525 1089 2748 1141 peterem
2771 1085 2977 1138 veniam,
3001 1095 3145 1143 quam
3172 1096 3436 1149 nunquam,
3461 1081 3649 1139 sancte.
3668 1091 3843 1149 negasti,

2431 1143 2528 1208 ᾼιιι
2552 1151 2603 1191 ut
2631 1155 2724 1191 non
2751 1155 2913 1190 essem
2933 1156 3149 1208 prorsus,
3170 1147 3246 1193 cui
3275 1143 3481 1204 parcere
3510 1160 3693 1208 posses.

2429 1204 2683 1265 Servatum
2703 1217 2935 1264 reparare
2959 1203 3072 1261 iube
3093 1203 3458 1265 p:etatesueta,

2428 1263 2491 1314 Ut
2517 1277 2711 1314 merear
2732 1263 2927 1313 cantare
2945 1275 3052 1314 tuas
3075 1263 3162 1327 per
3179 1268 3397 1314 carmina
3426 1266 3614 1316 Iaudes.

2310 1345 2474 1401 Venio
2524 1361 2662 1400 nunc
2715 1348 2780 1400 ad
2836 1347 3076 1416 singulos
3128 1347 3294 1402 libros
3348 1351 3657 1404 summatim
3707 1328 3866 1421 expli:

2304 1435 2528 1492 candos.

2778 1528 3105 1586 SYNOPSIS
3145 1530 3324 1584 LIBRI
3362 1531 3405 1585 Ι.

2377 1641 2497 1696 149.
2523 1639 2629 1695 Res
2657 1655 2844 1695 omnes
2883 1650 3076 1696 creata:
3108 1642 3272 1696 Deum
3304 1653 3622 1711 agnoscunt,
3662 1645 3836 1699 laudant

2302 1741 2355 1786 et
2385 1729 2700 1800 pradicant.
2733 1733 2771 1782 Α
2807 1730 2914 1784 Deo
2944 1740 3067 1785 sunt
3094 1732 3270 1785 omnia
3301 1749 3422 1799 quae
3449 1734 3710 1798 accidunt,
3741 1750 3836 1800 pru-

626 1832 830 1879 tantum
866 1825 1051 1880 codice
1081 1801 1179 1878 ins.
1212 1836 1423 1894 reperta
1452 1801 1594 1891 sunt,
1629 1827 1794 1879 autin
1822 1801 2058 1894 pluribus
2083 1827 2196 1892 qni-
2233 1801 2273 1858 Β
2302 1837 2456 1889 spera
2506 1832 2559 1876 et
2590 1823 2846 1886 adversa;
2879 1829 3184 1888 peccatores
3215 1833 3390 1875 tamen
3425 1837 3531 1874 non
3578 1824 3741 1877 subito
3764 1840 3834 1889 pu-

622 1915 745 1970 dem
775 1917 1068 1984 codicibus,
1088 1917 1179 1969 sed
1210 1917 1300 1984 qui
1327 1932 1513 1972 omnes
1542 1932 1608 1971 ex
1637 1934 1742 1970 uno
1772 1919 2067 1984 exemplari
2101 1918 2196 1971 de-

622 2008 809 2077 scripti
850 2009 992 2062 sint:
1028 2017 1085 2061 ut
1127 2007 1179 2061 in
1221 2007 1430 2062 Velleio
1469 2007 1776 2071 Paterculo,
1811 2024 1965 2076 quem
2014 2009 2198 2062 beatus

625 2094 916 2150 Rhenanus
950 2111 1017 2150 ex
1044 2112 1149 2150 uno
1177 2097 1473 2165 exemplari
1505 2097 1714 2161 mutilo,
1756 2097 2050 2166 prodigiose
2078 2114 2200 2151 cor-

625 2195 786 2254 rupto
811 2195 864 2240 et
887 2185 1181 2241 ftedissime
1211 2188 1517 2254 depravata,
1545 2189 1744 2256 primus
1783 2187 2037 2256 vulgavit,
2066 2197 2119 2242 et
2147 2189 2198 2241 in

2303 1914 2399 1971 nit.
2432 1914 2524 1968 sed
2558 1916 2815 1982 portentis
2845 1923 3159 1982 praemonet,
3187 1923 3241 1966 ut
3274 1915 3481 1968 veniam
3516 1924 3707 1982 petant.
3738 1916 3833 1969 l'ro-

2301 2007 2537 2074 gnostica
2573 2005 2719 2074 plura
2753 2005 3124 2058 describuntur
3151 2005 3340 2072 quibus
3371 2005 3536 2059 homo
3558 2007 3668 2059 lzrta
3695 2017 3739 2060 et
3765 2010 3834 2058 tri-

2301 2097 2397 2150 stia
2428 2097 2730 2164 prmnoscit.
2775 2095 2916 2150 Deus
2954 2095 3076 2148 dum
3123 2102 3306 2161 terret,
3347 2106 3512 2161 amat,
3561 2099 3833 2167 veniamque

2302 2188 2507 2256 roganti
2533 2203 2635 2241 non
2662 2188 2910 2256 denegat,
2935 2202 3032 2240 nec
3055 2186 3156 2240 nisi
3179 2197 3589 2254 perseverantes
3615 2190 3660 2242 in
3683 2190 3834 2243 crimi-

625 2273 854 2340 Catullo,
888 2277 1039 2344 cujus
1068 2277 1215 2330 multi
1245 2287 1368 2331 sunt
1394 2277 1607 2348 codices
1645 2293 1804 2345 mss.,
1830 2278 1924 2330 sed
1953 2293 2148 2331 omnes
2169 2294 2206 2330 at
2303 2281 2462 2334 nibus
2500 2279 2762 2349 supplicio
2785 2279 2969 2332 allicit.
3016 2279 3156 2332 Deus
3193 2279 3390 2348 quippe
3422 2281 3536 2334 vult
3564 2295 3740 2335 omnes
3761 2282 3836 2334 bo-

625 2365 854 2433 quodam
901 2367 1190 2435 exemplari
1235 2367 1288 2420 iu
1319 2366 1508 2421 Galtiis
1531 2377 1746 2432 reperto
1775 2370 2067 2436 propagati.
2104 2367 2200 2421 Vc-

625 2471 746 2510 rum
773 2455 842 2511 de
885 2457 952 2510 iis
992 2471 1150 2510 suum
1191 2458 1384 2528 cuique
1407 2459 1682 2527 judicium.
1718 2459 1840 2512 Mihi
1877 2460 2008 2512 satis
2040 2459 2201 2513 fuerit

623 2546 817 2600 iterum
848 2549 1116 2602 monuisse
1161 2550 1532 2618 supplementa
1571 2550 1638 2602 ita
1671 2549 1988 2618 dispositum
2027 2549 2112 2612 iri,
2143 2559 2199 2602 ut

623 2650 781 2692 nemo
808 2637 985 2693 fucum
1008 2639 1107 2692 sibi
1142 2639 1334 2692 faiczum
1356 2639 1650 2709 jure_queri
1676 2641 1862 2709 possit.

1201 2768 1427 2826 CAPUT
1468 2771 1610 2828 XVI.

2303 2377 2471 2428 mines
2503 2377 2725 2429 salutem
2756 2386 3005 2428 aeternam
3050 2375 3302 2444 consequi
3329 2391 3342 2439 ;
3389 2376 3552 2444 idque
3580 2377 3834 2431 ostenditur

2300 2484 2360 2522 er
2397 2478 2471 2521 tut
2509 2469 2667 2522 rebus
2715 2477 2931 2537 pr0pter
2969 2467 3211 2522 homines
3247 2469 3462 2522 creatis.
3512 2470 3680 2523 Prima
3717 2473 3831 2524 enim

2297 2558 2384 2612 die
2415 2559 2500 2611 lux
2534 2567 2712 2611 creata
2740 2567 2843 2620 est,
2873 2573 2936 2612 ex
2980 2573 3082 2628 qua
3115 2558 3340 2626 plurima
3379 2559 3584 2615 homini
3617 2560 3831 2613 brncﬁcia

2300 2650 2632 2716 proveniunt.
2666 2647 2846 2701 Altera
2877 2647 2961 2702 die
3004 2649 3219 2715 caalum,
3252 2648 3408 2718 ignis,
3439 2660 3490 2703 ct
3521 2667 3651 2715 aqua
3678 2667 3830 2704 creau-

2297 2748 2410 2805 tur;
2465 2740 2618 2793 tertia
2663 2739 2748 2794 die
2796 2754 2963 2805 mare,
3021 2748 3182 2804 terra,
3234 2740 3430 2809 herba,
3479 2743 3711 2807 arbores,
3753 2746 3830 2796 lio~

2187 2855 2202 2882 ξ
2296 2844 2400 2894 res,
2440 2829 2722 2900 pigmenta.
2761 2830 2995 2884 Paradisi
3021 2832 3288 2885 terrestris
3317 2831 3634 2901 descriptio.
3664 2834 3828 2900 Quarta

707 2881 1068 2951 Argumentum
1097 2892 1143 2934 et
1173 2885 1404 2954 synopsis
1430 2885 1584 2937 trium
1609 2884 1851 2939 librorum
1877 2887 1939 2940 de
1966 2886 2092 2941 Deo.

688 2992 810 3047 N8.
843 2991 923 3046 Ad
950 2993 1041 3048 Dei
1074 2994 1254 3049 laudes
1275 2995 1662 3051 admirabilium
1685 2999 1800 3067 ejus
1821 3013 2040 3068 operum
2065 3015 2194 3054 con-

613 3082 958 3152 templatione
984 3084 1283 3140 subvehere
1313 3085 1677 3152 Dracontium,
1708 3099 1850 3144 recte
1879 3095 2184 3158 pronuntia-

2301 2921 2452 2992 113
2485 2921 2571 2976 die
2616 2923 2808 2976 emtum
2859 2922 2990 2984 sole,
3019 2920 3143 2975 luna
3191 2931 3245 2976 et
3289 2924 3563 2978 sideribus
3601 2936 3828 2984 ornatur;

2292 3026 2411 3079 quae
2440 3011 2614 3064 omnia
2646 3011 2840 3064 lumina
2883 3011 2994 3065 Deo
3029 3011 3286 3066 obediunt
3317 3021 3370 3065 et
3413 3013 3713 3068 hominibus
3738 3031 3829 3068 scr-

2292 3100 2460 3154 t‘iunt.
2503 3099 2694 3167 Quinta
2736 3101 2821 3156 die
2855 3102 3024 3170 pisces
3055 3103 3105 3154 in
3137 3104 3290 3170 aquis
3334 3103 3716 3171 producuntur,
3745 3107 3828 3160 cibi

612 3173 689 3228 vit
712 3173 1045 3229 Sirmondus.
1078 3176 1139 3228 Et
1177 3177 1228 3230 id
1259 3191 1388 3232 sane
1423 3188 1601 3245 posset
1627 3185 1783 3233 statui
1815 3191 2181 3250 argumentum
2213 3153 2257 3214 Ο
2289 3153 2591 3245 Ιιοιηὶιιίιῖιις
2621 3191 2802 3258 futuri,
2832 3153 2885 3246 εἰ
2907 3208 2972 3246 ex
3001 3153 3200 3246 eisdem
3229 3153 3384 3262 aquis
3415 3210 3545 3250 aves
3577 3197 3824 3265 prodeunt.

611 3266 864 3321 carminis
895 3267 961 3321 de
993 3269 1123 3332 Deo,
1156 3284 1260 3322 non
1307 3269 1568 3325 dissimile
1599 3272 1751 3325 titulo
1779 3273 1977 3342 egregii
2019 3273 2180 3327 libelli

609 3355 894 3412 cardinalis
923 3357 1228 3412 Bellarmini
1252 3360 1338 3430 qui
1371 3360 1681 3414 inscribitur
1705 3364 1959 3417 Ascensio
1988 3364 2182 3418 mentis

609 3447 674 3500 ad
708 3446 895 3501 Deum.
937 3447 1046 3502 Hoc
1076 3450 1248 3518 ipsum
1294 3451 1468 3505 innuit
1517 3451 1794 3520 inscriptio
1838 3454 2091 3508 carminis
2128 3454 2179 3508 in

608 3536 790 3591 codice
822 3535 1076 3592 Vaticano
1115 3539 1178 3592 de
1208 3539 1336 3592 Deo.
1370 3539 1698 3608 Explicatius
1737 3556 1864 3595 vero
1890 3557 2177 3610 argumen-

607 3635 716 3680 tum
768 3627 1029 3695 poematis
1073 3629 1339 3684 Dracontii
1383 3630 1784 3699 comprehendit
1820 3634 2175 3702 cognitionem

605 3725 660 3772 et
686 3717 867 3772 laudes
900 3718 990 3773 Dei
1033 3734 1097 3774 ex
1130 3723 1244 3788 ejus
1265 3721 1512 3790 cpe-ribus
1537 3722 1915 3778 misericordiae
1944 3736 1996 3779 et
2023 3724 2179 3793 justi-

605 3808 715 3871 tize,
745 3809 837 3862 sed
871 3812 1134 3880 praecipue
1157 3811 1556 3878 misericordite,
1591 3814 1912 3879 clementia),
1943 3824 2032 3869 aut
2064 3818 2175 3884 pie-

603 3899 727 3952 tatis
765 3915 889 3969 erga
936 3901 1197 3967 homines,
1252 3918 1368 3971 quae
1414 3903 1464 3957 in
1514 3914 1626 3958 toto
1670 3906 1904 3959 carmine
1947 3908 2174 3962 maxime

603 3989 812 4043 emicat.
843 3995 881 4042 Α
913 3991 1080 4058 primo
1107 4007 1264 4046 versu
1293 3995 1369 4046 sic
1399 3994 1605 4047 orditur
1643 3995 1963 4049 Dracontius
1988 4014 2001 4049 :

593 4085 620 4112 ο
724 4078 816 4150 Qui
843 4080 1043 4137 cupiunt.
1060 4082 1232 4128 animis
1254 4083 1489 4150 placidum
1514 4087 1698 4133 rescire
1725 4085 2018 4150 Tonantem,

726 4138 827 4186 Hoc
848 4151 1044 4187 carmen
1069 4154 1164 4202 prae
1188 4138 1354 4191 mente
1372 4143 1554 4204 legant,
1573 4151 1664 4194 εις.

603 4218 862 4287 Perquam
909 4218 1169 4276 familiare
1199 4222 1274 4277 illi
1318 4236 1398 4278 est
1437 4226 1752 4280 vocabulum
1800 4230 2033 4298 placidus
2078 4249 2170 4299 pro

600 4309 738 4374 miti,
778 4309 1050 4375 clementi,
1083 4312 1200 4380 pio;
1241 4313 1367 4381 quin
1410 4315 1568 4368 etiam
1602 4316 1970 4374 definitionem
2015 4323 2170 4390 hujus

597 4399 827 4455 nominis
855 4402 1248 4470 quodammodo
1277 4405 1388 4474 ip’se
1411 4420 1506 4460 nos
1527 4405 1706 4463 docuit
1729 4409 1783 4464 in
1808 4411 1989 4483 Elegia
2026 4413 2162 4472 vers.

597 4489 697 4546 287
726 4501 778 4546 et
807 4508 958 4562 seqq.
984 4509 1000 4549 :

716 4585 767 4633 Si
782 4593 885 4651 _n_on
908 4587 1098 4651 humani
1133 4591 1336 4648 generis
1358 4597 1557 4650 peccata
1585 4591 1809 4651 fuissent,

782 4646 920 4712 [inde
955 4649 1083 4712 pium
1109 4646 1283 4698 nomen
1309 4646 1465 4712 posset
1493 4653 1675 4703 habere
1704 4646 1865 4704 Deus?

717 4708 815 4780 δερ
841 4708 1065 4780 ψιίξῴς
1084 4712 1271 4759 veniam
1299 4708 1486 4780 pupulis
1511 4724 1702 4780 peccata
1728 4718 1975 4780 relaxans,

775 4769 873 4818 Per
898 4773 1092 4831 petatis
1109 4786 1231 4834 opus
1254 4769 1427 4822 nomen
1453 4769 1599 4825 habet
1623 4778 1876 4838 placidum.

599 4876 756 4948 112
789 4873 938 4940 Quod
969 4885 1148 4929 autem
1176 4892 1337 4945 Opera
1379 4879 1538 4933 etiam
1565 4880 1785 4948 iustitia:
1815 4883 2007 4938 divinae
2034 4885 2156 4940 velit

594 4960 908 5018 Dracontius
943 4979 1388 5034 commemorare,
1419 4983 1487 5023 ex
1535 4973 1795 5038 procemio
1826 4974 1920 5029 lib.
1957 4990 1996 5042 t,
2019 4991 2159 5030 vers.

597 5055 664 5108 10
687 5065 740 5109 et
765 5071 940 5124 seum,
972 5057 1237 5126 colligitur
1268 5075 1284 5112 :

776 5146 879 5214 hinc
895 5150 1018 5214 agit,
1045 5152 1345 5214 et_sequitur
1369 5154 1510 5201 variis
1535 5153 1626 5202 sub
1642 5155 1834 5203 casibus
1861 5157 1975 5214 iras,

777 5207 835 5275 Ih-Zt
861 5207 1065 5275 pia'vnta
1089 5209 1175 5260 Dei
1196 5207 1385 5261 miseris
1411 5215 1539 5271 hinc,
1567 5216 1679 5263 inde
1706 5218 1878 5275 beatis,

779 5267 872 5316 Pro
904 5272 1092 5320 meritis
1114 5285 1318 5336 morum,
1349 5288 1436 5336 pro
1471 5267 1607 5325 certo
1623 5281 1817 5326 tramite
1845 5267 1974 5326 vitae.

593 5367 856 5422 Justitiam
896 5385 1020 5426 vero
1057 5371 1296 5443 iramque
1329 5376 1420 5430 Dei
1461 5377 1529 5430 ita
1573 5377 1886 5434 Dracontius
1920 5383 2155 5449 expou't,

593 5467 650 5508 ut
694 5471 907 5526 semper
942 5476 1049 5528 prae
1097 5464 1264 5518 oculis
1313 5465 1556 5522 habuerit
1597 5469 1736 5538 quod
1781 5470 1847 5524 de
1894 5471 2001 5525 Deo
2046 5472 2156 5540 ipse

592 5547 729 5601 dixit
760 5548 848 5600 lib.
884 5566 923 5615 t,
947 5567 1088 5605 vers.
1121 5555 1257 5610 69l:

713 5638 774 5689 Et
795 5639 920 5688 nulla
947 5641 1125 5692 virtute
1146 5645 1318 5705 minor,
1339 5650 1426 5696 nisi
1454 5651 1670 5701 verberis
1700 5666 1785 5700 ira.

591 5717 659 5774 Et
697 5720 893 5776 clarius
923 5721 1012 5778 lib.
1047 5739 1104 5790 ll,
1150 5741 1289 5782 vers.
1325 5729 1448 5796 693,
1483 5731 1610 5785 Plus
1659 5735 1774 5803 pius
1809 5752 1859 5788 es
1886 5752 2037 5804 quam
2061 5741 2150 5806 ju-

2285 3284 2446 3336 Sexta
2480 3281 2569 3336 die
2607 3282 2892 3336 animantia
2922 3285 3194 3338 terrestria
3235 3295 3491 3340 creantur
3515 3328 3528 3348 ,
3569 3298 3622 3342 et
3651 3289 3827 3341 diversa

2283 3373 2510 3426 diversis
2539 3375 2700 3428 terris
2725 3373 3064 3439 addicuntur,
3095 3385 3152 3429 ut
3180 3391 3400 3430 munera
3433 3377 3539 3431 alia
3559 3393 3652 3447 per
3667 3379 3826 3433 orbem

2281 3461 2518 3531 dispersa
2550 3474 2692 3516 sunt.
2727 3464 2820 3517 His
2844 3464 3094 3519 omnibus
3125 3475 3182 3518 ut
3210 3466 3605 3531 dominaretur,
3644 3483 3828 3523 crea'us

2281 3562 2362 3609 est
2390 3553 2550 3625 homo
2585 3554 2649 3608 ad
2676 3554 2766 3608 Dei
2794 3555 3080 3624 imaginem
3103 3573 3116 3619 ;
3149 3557 3239 3625 qui
3272 3571 3339 3612 ne
3358 3567 3506 3612 esset
3525 3558 3699 3622 solus,
3724 3575 3827 3628 ptr-

2282 3647 2451 3716 ticcps
2495 3647 2706 3715 generis
2731 3647 2853 3702 data
2887 3649 2965 3703 illi
3010 3659 3093 3705 est
3122 3665 3274 3714 uxor,
3311 3664 3374 3704 ex
3405 3651 3522 3718 ejus
3568 3662 3705 3706 costa
3736 3653 3828 3704 for-

2281 3727 2524 3800 mata,ut
2552 3754 2702 3792 amor
2731 3748 2948 3794 mutuus
2981 3754 3166 3794 eorum
3198 3741 3472 3810 perfectus
3500 3751 3664 3798 esset.
3694 3743 3827 3798 Arbi-

2281 3829 2382 3881 trio
2412 3828 2572 3898 igitur
2599 3843 2783 3884 eorum
2823 3831 2963 3885 Deus
2992 3832 3168 3885 omnia
3207 3842 3385 3886 creata
3424 3834 3719 3898 commisit,
3749 3849 3825 3885 ne-

2277 3921 2586 3990 gotiumque
2638 3921 2741 3976 illis
2797 3922 2944 3976 dedit
2979 3931 3036 3977 tit
3076 3926 3442 3994 prepagationi
3477 3929 3704 3995 generis
3731 3937 3826 3980 stu-

2278 4013 2484 4066 derent.
2541 4013 2675 4067 Cum
2734 4015 2964 4080 paradisi
3010 4015 3220 4070 deliciis
3253 4017 3594 4083 fruerentur,
3626 4033 3824 4087 serpens

2278 4103 2526 4158 feminam
2556 4104 2859 4174 deeepit,ut
2889 4107 3114 4162 fructum
3139 4124 3203 4163 ex
3233 4109 3428 4164 arbore
3459 4127 3577 4179 quae
3600 4127 3698 4165 una
3728 4121 3826 4164 tan-

2279 4208 2386 4251 tum
2429 4198 2692 4266 prohibita
2750 4199 2951 4264 fuerat,
2985 4201 3312 4255 comederet.
3358 4202 3581 4256 Femina
3628 4205 3824 4270 deerpla

2277 4288 2446 4340 virum
2487 4288 2726 4356 decepit;
2783 4289 2871 4360 qui
2928 4300 3036 4343 tum
3069 4291 3282 4346 demum
3315 4293 3524 4361 pudore
3553 4295 3732 4360 suffusi
3760 4296 3825 4347 fu-

2274 4393 2398 4447 gere
2426 4389 2722 4447 ctepcrunt,
2755 4381 2906 4449 quasi
2942 4381 3103 4435 Deum
3128 4382 3498 4453 increpantem
3531 4389 3697 4440 latere
3723 4400 3822 4454 pos-

2275 4479 2413 4522 sent.
2443 4468 2545 4524 Sed
2567 4483 2690 4522 cum
2721 4469 2965 4524 homines
2997 4479 3074 4524 tot
3106 4471 3334 4526 habeant
3361 4475 3514 4542 signa
3541 4475 3731 4543 quibus
3754 4488 3827 4529 res

2269 4559 2509 4613 occultas
2557 4559 2695 4612 scire
2731 4560 2973 4628 valeant,
3011 4576 3117 4629 quo
3170 4574 3325 4631 pacto
3382 4564 3545 4631 primi
3598 4578 3826 4634 parentes

2268 4647 2471 4702 crimen
2513 4662 2686 4710 suum,
2720 4665 2781 4703 ac
2807 4651 3014 4716 SClpSllS
3048 4651 3157 4705 Deo
3180 4653 3458 4707 occultare
3500 4655 3827 4722 potuissem?

2271 4737 2397 4791 Post
2438 4737 2829 4795 confessionem
2891 4741 3045 4809 igitur
3090 4742 3231 4796 Deus
3275 4746 3604 4800 sententiam
3655 4747 3826 4814 pietate

2270 4838 2615 4896 temperatam
2654 4831 2792 4896 tulit,
2835 4847 2937 4901 qua
2981 4847 3126 4888 mors
3153 4836 3267 4903 ipsa
3299 4851 3398 4904 pro
3434 4852 3593 4905 ptnna
3645 4840 3826 4893 inllicta

2271 4918 2378 4972 illis
2406 4925 2515 4986 est,
2550 4920 2810 4990 simulque
2842 4939 2938 4992 pro
2980 4939 3148 4992 poenae
3175 4925 3405 4994 quodam
3441 4928 3740 4995 levamine,
3770 4944 3828 4983 ne

2267 5008 2510 5064 homines
2558 5011 2609 5064 in
2641 5014 2892 5067 aerumnis
2923 5014 3252 5083 hujus'vitze
3281 5026 3546 5106 @rpetuo
3576 5022 3827 5075 viverent.

2265 5097 2464 5153 Memor
2490 5111 2667 5156 autem
2701 5102 2842 5158 Deus
2862 5105 3043 5172 operis
3071 5105 3160 5164 sui.
3185 5108 3255 5159 ita
3289 5097 3492 5175 primos
3527 5123 3772 5178 parentes
3798 5125 3825 5165 e

2265 5190 2511 5261 paradiso
2539 5192 2715 5260 ejecit,
2748 5201 2807 5247 ut
2827 5194 3126 5249 dominium
3148 5197 3297 5251 orbis
3333 5214 3624 5270 rerumque
3644 5218 3760 5272 quae
3783 5201 3828 5255 in

2263 5283 2393 5336 orbe
2437 5291 2587 5346 sunt,
2639 5282 2744 5336 illis
2798 5287 3162 5351 concesserit,
3195 5286 3544 5358 decrevitque
3571 5300 3629 5345 ut
3659 5291 3828 5346 omnia

2263 5373 2451 5428 ordine
2477 5387 2574 5427 suo
2601 5383 2654 5428 et
2682 5376 2944 5428 constanti
2978 5376 3091 5445 lege
3131 5378 3515 5446 procederent.
3550 5390 3712 5450 atque
3732 5382 3830 5434 alia

2263 5467 2378 5521 alis
2399 5465 2775 5534 succederent,
2808 5478 2865 5524 ut
2900 5471 3100 5525 homini
3141 5473 3334 5542 primo,
3364 5483 3418 5529 et
3447 5476 3537 5545 qui
3564 5491 3628 5529 ex
3660 5478 3829 5544 primo

2265 5559 2479 5614 homine
2503 5560 2750 5615 continua
2793 5563 3131 5618 successione
3173 5567 3498 5634 propagandi
3529 5576 3686 5622 erant
3710 5569 3831 5622 Sub-

2258 5649 2395 5718 jecta
2419 5661 2602 5704 essent
2627 5661 2678 5706 ct
2701 5652 2975 5706 servitium
3006 5663 3339 5722 praestarent.
3368 5655 3552 5724 Neque
3581 5659 3634 5710 id
3661 5659 3829 5712 solum

2266 5742 2403 5798 Deus
2431 5743 2670 5799 clemens
2694 5744 2918 5814 providit
2945 5787 2958 5811 ,
3009 5756 3064 5801 ut
3095 5748 3400 5806 hominibus
3432 5748 3702 5805 defunctis
3735 5751 3828 5804 atii
