4016 6280
976 238 1026 252 ’ἣ

225 297 334 358 677

1601 292 2127 351 PROLEGOMENA.
3365 297 3470 357 678

224 418 408 474 denuo
455 414 564 470 nati
613 413 980 479 succederent,
1035 428 1219 469 verum
1271 420 1474 476 ettatn,
1527 421 1585 465 ut
1623 411 1659 464 ii
1703 408 1790 479 qui
1820 408 1868 468 Δ
1899 408 2130 476 bonitas,
2163 410 2399 481 largitas,
2425 411 2714 468 liberalitas
2743 411 2794 468 in
2818 421 3028 467 annona
3059 411 3468 469 subministran-

225 507 425 564 mortui
455 515 599 571 sunt,
632 506 752 559 vitae
784 514 902 575 post
931 504 1096 558 multa
1126 503 1322 558 saecula
1365 501 1799 557 restituerentur.

225 601 379 656 Hanc
400 599 849 654 resurrectionem
893 609 1179 664 corporum
1226 601 1416 647 natura
1449 593 1561 662 ipsa
1607 591 1798 660 probi-

224 691 394 746 bilem
437 685 614 744 reddit
642 689 821 742 multis
862 688 1124 755 exemplis
1152 702 1328 740 rerum
1351 726 1367 750 ,
1397 701 1514 754 anc
1544 685 1803 754 quodam-

224 781 391 836 modo
419 782 722 835 moriuntur
763 785 818 834 et
864 777 1219 832 reviviscunt.
1250 776 1416 830 Multo
1446 775 1589 829 enim
1633 775 1805 842 magis

226 885 456 939 Corpora
489 868 760 923 hominum
786 877 1067 936 resurgent
1094 865 1292 921 virtute
1321 866 1438 931 Dei,
1463 880 1562 933 qua
1609 870 1802 919 cuncta

225 969 409 1016 creata
435 975 555 1016 sunt
599 968 654 1014 et
696 961 897 1028 vigent,
925 973 1044 1012 cum
1084 957 1202 1026 ejus
1232 957 1513 1012 clementia
1542 971 1666 1024 erga
1693 957 1799 1035 lto-

226 1052 402 1107 mines
435 1060 573 1105 tanta
600 1052 668 1103 sit
695 1091 708 1114 ,
740 1059 935 1118 quanta
979 1049 1137 1103 decet
1176 1050 1630 1117 Omnipotentetn.
1664 1047 1799 1100 Lau—

226 1142 324 1196 des
347 1142 441 1196 Dei
471 1142 537 1194 ab
565 1141 680 1210 ejus
710 1139 915 1194 infinita
949 1140 1260 1208 majestate,
1297 1138 1529 1206 potentia
1557 1181 1571 1203 ,
1621 1139 1801 1190 scien-

227 1235 301 1288 tia
331 1249 395 1287 ac
439 1233 733 1301 przrsertim
763 1231 1116 1300 benignitate.
1164 1229 1321 1300 114
1372 1229 1694 1282 Dracontius
1736 1227 1799 1282 ad

227 1324 324 1380 Dei
349 1324 535 1378 laudes
559 1324 797 1378 carmine
824 1323 1176 1378 celebrandas
1198 1321 1315 1389 ejus
1338 1335 1496 1390 opem
1527 1320 1797 1389 implorat.

694 1412 1015 1469 SYNOPSIS
1060 1412 1239 1466 LIBRI
1281 1411 1342 1464 ll.

302 1506 426 1560 150.
468 1506 606 1559 Deus
624 1513 809 1558 auctor
851 1514 905 1559 et
953 1515 1127 1557 rector
1171 1504 1413 1556 omnium
1462 1517 1670 1556 rerum:
1711 1503 1798 1555 cui

227 1598 419 1657 stellae,
456 1596 596 1658 luna,
629 1597 732 1660 sol,
771 1595 948 1649 omnia
975 1595 1240 1648 elementa
1269 1592 1545 1648 obedittnt.
1578 1593 1668 1647 Dei
1704 1594 1803 1646 im-

229 1686 510 1742 mensitas.
555 1686 634 1738 Ab
651 1683 764 1751 ejus
797 1694 922 1737 nttttt
951 1684 1129 1737 omnia
1165 1684 1420 1751 pendent,
1453 1682 1606 1750 cujus
1640 1685 1802 1736 verbo

229 1786 408 1830 creata
463 1785 608 1829 sunt.
667 1775 946 1828 Trinitatis
1001 1774 1191 1828 divinae
1248 1773 1532 1828 confessio.
1569 1773 1800 1826 Verbum
1834 1765 1878 1823 Β

230 1881 358 1920 caro
389 1867 582 1920 factum
615 1874 670 1919 ut
727 1863 966 1920 homines
1012 1865 1267 1919 salvarct.
1302 1864 1465 1918 Filius
1509 1862 1649 1916 Patri
1680 1878 1806 1916 con-

231 1955 630 2022 substantialis,
685 1955 912 2025 Spiritus
958 1964 1172 2009 sanctus
1220 1955 1357 2010 idem
1401 1953 1540 2022 quod
1571 1953 1726 2007 Pater
1751 1961 1807 2007 et

235 2050 420 2103 Filius.
446 2049 639 2104 Verum
685 2064 878 2118 corpus
919 2048 1053 2101 Deus
1083 2047 1389 2116 assumpsit.
1421 2044 1621 2100 Christi
1649 2044 1809 2098 mira-

233 2142 352 2196 cula
387 2142 698 2196 utltomines
728 2141 780 2195 itt
811 2157 929 2195 eum
953 2141 1189 2196 credant.
1223 2141 1476 2210 Discipuli
1506 2141 1620 2210 ejus
1640 2142 1806 2209 gratia

234 2234 606 2287 miraculorum
668 2231 869 2286 donati.
940 2233 1221 2299 Imperium
1282 2232 1374 2286 Dei
1427 2235 1479 2286 in
1519 2247 1606 2286 res
1657 2247 1808 2286 erea-

235 2333 335 2377 tas.
387 2322 663 2375 'l‘ransitus
736 2321 1034 2375 lsraelitaru
1060 2339 1088 2372 ιι
1176 2337 1270 2390 per
1354 2336 1501 2376 mare
1551 2321 1804 2376 Rubrum.

236 2415 487 2470 lsraelitis
546 2415 696 2467 cibus
753 2422 807 2467 et
864 2421 1019 2481 potus
1070 2413 1122 2468 in
1179 2414 1407 2468 desertis
1458 2412 1635 2467 divina
1706 2427 1808 2480 0pc

235 2507 656 2578 suppeditantur.
720 2507 921 2560 liursos
977 2506 1068 2560 Dei
1126 2506 1308 2561 laudes
1363 2521 1394 2561 e
1447 2507 1604 2560 rebus
1655 2521 1810 2561 crea-

236 2602 302 2655 tis
358 2610 412 2655 et
464 2599 742 2654 concordia
794 2599 1388 2653 elctnentorum.Deu.n
1421 2600 1593 2653 omnia
1645 2599 1812 2654 fateno

237 2702 324 2746 tur
359 2701 412 2746 et
450 2690 702 2754 laudant,
732 2691 888 2743 etiam
925 2691 1199 2757 animalia,
1228 2704 1346 2759 qua:
1388 2690 1678 2757 perniciosa
1709 2691 1808 2743 ali-

237 2784 446 2853 quando
494 2791 635 2837 sunt.
658 2781 762 2836 Cur
798 2783 935 2836 Dens
959 2781 1070 2836 haec
1112 2785 1330 2835 creavit.
1365 2780 1600 2835 Primum
1626 2782 1810 2836 Adami

237 2884 531 2946 peceatum.
561 2874 893 2927 POStcrOruut
918 2873 1031 2939 ejus
1055 2871 1275 2925 crimina
1299 2886 1455 2940 quam
1480 2873 1654 2942 gravia
1683 2871 1806 2926 sint.

238 2968 408 3021 Etiam
468 2965 755 3034 perniciosa
815 2967 1062 3020 animalia
1127 2983 1504 3036 nonnunquam
1564 2977 1806 3036 prosunt.

239 3057 409 3109 llomo
441 3055 564 3108 feris
601 3056 768 3124 pejor.
806 3056 931 3124 Ejus
962 3056 1178 3110 audacia
1227 3067 1278 3110 et
1329 3056 1664 3125 perversitas.
1697 3056 1812 3110 Ca:-

1904 502 1993 555 da.
2026 502 2336 569 Captatores
2372 517 2596 558 annona:
2622 510 2676 558 et
2700 504 2851 558 avari
2879 503 3250 573 objurgantur.
3281 503 3474 558 Exem-

1903 590 2046 659 plum
2092 590 2269 646 divitis
2310 591 2566 660 damnati,
2597 594 2686 662 qui
2735 608 2801 648 ex
2847 592 3030 647 inferis
3081 592 3412 662 refrigerium
3441 609 3470 647 a

1904 679 2105 734 Lazaro
2149 695 2379 750 paupere
2409 682 2730 752 postulabat.
2775 682 2937 738 Multo
2978 683 3146 752 magis
3187 683 3472 739 damnandi

1902 771 1994 841 qui
2026 772 2198 826 aliena
2215 772 2448 843 rapiunt.
2478 775 2586 830 Nec
2612 775 2832 840 divitiae,
2863 791 2960 830 nec
2984 777 3184 846 quaevis
3209 776 3308 830 alia
3336 776 3475 831 bona

1904 864 2230 932 pr.eferenda
2253 875 2376 921 sunt
2417 867 2544 932 Deo,
2573 868 2812 921 omnium
2841 865 3032 921 datori.
3058 867 3296 922 Peritura
3338 881 3470 921 con-
3540 923 3550 931 _

1904 954 2185 1009 temnenda
2216 963 2368 1020 sunt,
2399 965 2456 1010 ut
2494 966 2693 1012 aeterna
2736 957 3100 1026 acquirantur.
3131 957 3185 1011 ld
3216 958 3469 1027 exemplo

1902 1061 2001 1101 suo
2043 1061 2140 1100 nos
2169 1047 2349 1100 docuit
2375 1045 2664 1113 Abraham,
2691 1049 2778 1116 qui
2811 1047 2972 1101 filium
3005 1063 3156 1101 suum
3193 1047 3376 1116 jussus
3403 1047 3472 1102 ad

1902 1137 2216 1193 sacrificium
2247 1138 2424 1193 duxit.
2460 1139 2599 1193 Dctts
2626 1142 2843 1194 arietem
2874 1155 2968 1208 pro
3009 1140 3155 1194 Isaac
3195 1140 3470 1210 subrogari

1903 1227 2086 1283 voluit.
2110 1228 2180 1281 At
2201 1243 2302 1282 non
2331 1229 2400 1284 ita
2429 1229 2714 1294 Saturnus,
2748 1229 2934 1282 falsum
2961 1245 3178 1294 numen,
3214 1231 3296 1284 cui
3322 1230 3470 1299 pueri

1902 1317 2187 1388 quotannis
2236 1319 2662 1373 imrno'ahautur.
2719 1319 2856 1374 Deus
2909 1319 3267 1374 Abraltamum
3307 1319 3474 1375 voluit

1903 1411 2115 1464 caeteris
2161 1411 2406 1480 exemplo
2440 1426 2581 1472 esse,
2615 1419 2673 1464 ut
2721 1411 2850 1465 nihil
2898 1413 3237 1481 quantumvis
3286 1427 3468 1466 carum

1903 1502 2131 1558 Domino
2155 1513 2512 1572 praeponatur.
2536 1504 2815 1557 l'rzcmium
2842 1504 3160 1559 obcdieutim
3182 1503 3468 1558 Abrahami

1905 1595 2186 1663 posteritas
2217 1594 2334 1663 ejus
2364 1594 2429 1648 ad
2459 1595 2634 1648 omnia
2666 1605 2696 1648 ιι
2719 1609 2902 1663 mpora
2933 1605 2988 1650 et
3016 1596 3257 1666 regiones
3280 1609 3474 1663 propa-

1903 1694 2044 1755 gata.
2075 1685 2230 1739 Aliud
2273 1687 2578 1753 exemplum
2610 1685 2765 1738 trittm
2799 1700 3084 1752 puerorum
3131 1686 3219 1754 qui
3264 1685 3319 1738 in
3366 1684 3474 1738 for-

1909 1793 2037 1832 nace
2083 1791 2300 1832 accensa
2335 1777 2486 1831 illaesi
2516 1786 2940 1846 permanserunt.
2974 1776 3160 1830 Daniel
3198 1775 3338 1829 inter
3363 1774 3476 1829 leo-

1909 1885 2022 1923 nes.
2056 1869 2356 1936 Descriptio
2394 1870 2687 1923 venationis
2727 1869 3179 1939 amphitheatralis
3211 1869 3468 1924 ferarum.

1909 1959 2151 2013 llerculis
2197 1959 2433 2012 fabulosa
2475 1961 2645 2012 virtus
2685 1959 2830 2013 cedit
2886 1957 3110 2013 Danieli.
3172 1955 3474 2013 Crudelitas

1908 2050 2088 2104 Diana:
2114 2050 2374 2102 Tauricae.
2408 2050 2548 2103 Petri
2581 2050 2940 2118 apostolorum
2984 2047 3238 2117 principis
3269 2047 3473 2116 prima-

1912 2152 2013 2196 tns.
2053 2141 2176 2210 Ejus
2203 2141 2448 2209 precibus
2491 2142 2672 2194 Roma:
2695 2139 2877 2196 Simon
2907 2141 3086 2210 Ma‘gus
3113 2141 3470 2209 prtccipitatus

1909 2241 2008 2287 est.
2038 2231 2158 2286 llaec
2185 2231 2392 2302 aliaque
2423 2229 2724 2300 hujnsmodi
2761 2246 2824 2285 ex
2871 2230 2995 2295 fide,
3027 2241 3195 2298 speet
3219 2229 3476 2284 orationi-

1911 2326 2009 2380 bus
2055 2325 2119 2378 ad
2170 2325 2334 2379 Detun
2367 2333 2762 2392 processerunt.
2813 2323 3020 2377 Ethnici
3039 2324 3174 2378 ‘vero
3203 2323 3350 2392 plura
3383 2337 3476 2376 au-

1910 2418 2074 2472 daciae
2120 2417 2352 2472 facinora
2406 2417 2639 2486 aggressi
2684 2427 2807 2470 sunt
2836 2431 2940 2470 non
2969 2431 3063 2486 spe
3111 2417 3234 2470 vita:
3261 2425 3476 2470 aeterna:

1913 2511 2160 2578 permoti,
2193 2507 2288 2562 sed
2321 2507 2435 2562 solo
2468 2523 2650 2562 amore
2701 2506 2874 2561 laudis
2903 2516 2989 2561 aut
3022 2508 3228 2575 patriae.
3275 2505 3476 2560 Menoe-

1911 2615 2061 2666 ceus,
2094 2600 2233 2654 filius
2261 2598 2533 2662 Creontis,
2586 2615 2651 2653 ne
2698 2607 2849 2666 pater
2896 2613 3116 2666 regnum
3166 2597 3475 2663 amitteret,

1912 2692 2144 2758 sripsum
2173 2690 2392 2744 occidit.
2418 2689 2794 2744 Thebanorum
2827 2703 3047 2758 regnum
3073 2691 3349 2757 tragicum.
3374 2689 3470 2742 Co-

1913 2783 2038 2836 drus
2064 2798 2157 2851 pro
2187 2783 2353 2850 patria
2399 2781 2464 2834 ab
2493 2780 2739 2834 hostibus
2786 2781 2969 2834 volens
3000 2781 3346 2848 interemptus
3376 2787 3478 2832 est.

1915 2873 2160 2928 Leonida:
2201 2887 2318 2926 cum
2364 2873 2544 2941 paucis
2575 2871 2999 2925 Lacedaemoniis
3041 2870 3211 2923 audax
3243 2871 3479 2938 praelium

1913 2965 1978 3019 ad
2017 2965 2211 3019 Therm
2252 2965 2421 3035 pylas.
2452 2964 2660 3018 Pltilerti
2710 2963 2900 3016 fratres
2921 2961 3384 3030 Carthaginienses
3423 2975 3479 3014 se

1914 3057 2059 3111 vivos
2089 3056 2328 3110 comburi
2360 3055 2501 3124 passi
2526 3063 2671 3121 sunt,
2704 3063 2760 3107 ut
2803 3052 2988 3122 patria:
3033 3053 3167 3106 fines
3197 3051 3354 3104 latius
3381 3064 3480 3103 ex-

239 3159 351 3201 tera
398 3147 569 3200 omnia
600 3146 791 3200 divinis
823 3155 1008 3214 parent
1063 3147 1280 3216 legibus.
1331 3148 1584 3203 llomines
1638 3162 1809 3217 neque
1837 3126 1883 3190 (ἶ
1917 3149 2274 3204 tenderentur.
2307 3146 2496 3200 Brutus
2521 3146 2658 3199 lmsat
2702 3143 2968 3212 pudicitia:
3008 3143 3166 3205 ultor,
3226 3141 3482 3196 libertatis

240 3241 336 3303 ira,
373 3254 539 3307 neque
570 3238 760 3307 pietate
805 3237 897 3291 Dei
935 3247 1268 3292 coercentur.
1303 3238 1565 3292 Diluvium
1599 3238 1814 3291 univcr-

240 3329 352 3383 sale
389 3330 454 3380 ad
501 3328 743 3380 homines
775 3327 1119 3395 plectendos;
1155 3328 1242 3397 qni
1275 3337 1391 3394 post
1417 3317 1672 3380 diluvium
1695 3341 1813 3380 sce-

243 3421 352 3474 lera
388 3430 679 3473 rcsumunt.
719 3420 1111 3474 Sodomitarum
1145 3434 1296 3487 paena
1324 3419 1566 3472 incendio
1591 3434 1815 3488 pereun-

242 3512 396 3565 tium.
446 3510 738 3564 tllemt-ntia
788 3509 878 3563 Dei
909 3509 962 3562 in
995 3519 1218 3578 utroque
1261 3509 1542 3578 supplicio.
1576 3509 1708 3563 L0th
1747 3509 1814 3563 ab

242 3601 365 3669 igne
388 3601 656 3665 liberatur,
683 3611 736 3654 ut
765 3599 874 3654 Noe
913 3615 941 3652 a
973 3600 1192 3654 diluvio.
1218 3600 1408 3654 Pmnas
1439 3599 1681 3654 homines
1730 3600 1813 3653 in-

243 3699 484 3754 currunt,
519 3690 638 3758 quia
667 3705 696 3744 a
738 3690 848 3744 Deo
879 3691 1062 3743 moniti
1104 3705 1209 3743 non
1257 3689 1634 3756 corripiuntur.
1671 3688 1815 3742 FeEi-

243 3782 379 3834 citas
407 3779 701 3844 hominum,
732 3780 774 3833 si
799 3795 900 3833 non
924 3789 1249 3849 peccassent.
1278 3779 1558 3833 Peccatum
1592 3779 1814 3847 angelo-

243 3885 362 3922 rum
413 3869 714 3923 hntninibus
767 3871 1238 3941 excusationiesse
1283 3885 1389 3923 non
1441 3879 1632 3940 potest,
1662 3884 1816 3946 pte“:

244 3961 436 4015 terrori
469 3975 585 4015 esse
614 3960 790 4015 debet.
823 3960 914 4014 Dei
945 3959 1224 4015 clementia
1240 3975 1362 4031 erga
1393 3963 1657 4026 homines,
1686 3976 1817 4030 quos

244 4052 492 4105 Christus
523 4052 763 4106 redemit.
791 4053 1010 4106 Perfidta
1034 4051 1363 4106 Judtcorum.
1388 4050 1480 4105 Ch:
1499 4051 1581 4104 isti
1620 4054 1815 4120 passio,

244 4161 414 4209 mors,
452 4146 773 4199 resurrectio
794 4185 808 4208 ,
839 4144 1082 4199 ascensio
1113 4147 1162 4199 itt
1187 4144 1650 4213 caalos,judicintn
1684 4145 1820 4198 futu-

243 4253 387 4292 rum.
413 4235 638 4290 Fructus
661 4237 922 4305 passionis
943 4235 1164 4301 Christi,
1189 4252 1307 4307 qua:
1334 4239 1492 4290 etiam
1520 4237 1670 4290 .lndte
1697 4252 1817 4306 pro-

245 4325 453 4388 fuisset,
487 4326 586 4379 nisi
630 4327 984 4391 destierasset.
1013 4327 1307 4380 Conversio
1352 4327 1520 4381 Pauli.
1561 4327 1719 4381 Fides
1764 4330 1814 4382 in

244 4417 415 4471 Dennt
466 4416 625 4470 multa
674 4417 897 4472 obt'net.
941 4417 1119 4470 Gratia
1169 4417 1262 4491 Dei
1315 4417 1564 4472 omnibus
1619 4419 1818 4472 oblata.

1921 3242 2079 3312 116
2123 3251 2380 3304 assertor,
2430 3239 2630 3293 liberos
2679 3252 2807 3292 suos
2851 3237 3022 3291 securi
3074 3236 3276 3304 percuti
3302 3234 3480 3303 jussit.
3575 3287 3582 3300 ,

1914 3332 2200 3402 Virginius,
2231 3345 2298 3385 ne
2326 3328 2574 3398 Virginim
2629 3328 2749 3382 filim
2781 3327 3079 3381 libertatem
3125 3336 3177 3379 et
3224 3324 3484 3394 pudorem

1917 3423 2026 3492 rapi
2055 3430 2318 3488 cerneret,
2353 3434 2471 3474 eam
2493 3419 2665 3474 cultro
2692 3417 2953 3472 confodit.
2985 3417 3287 3487 Torquatus
3319 3417 3485 3472 filium

1915 3512 2191 3575 victorem,
2243 3511 2385 3579 quod
2434 3521 2618 3565 contra
2667 3508 2905 3563 edictum
2947 3518 3295 3578 pugnaverat,
3329 3509 3486 3567 morti

1916 3603 2256 3672 adiudicavit,
2293 3601 2762 3670 ingemiscentibus
2793 3601 3063 3655 omnibus.
3095 3600 3306 3655 Curtius
3334 3601 3387 3654 in
3412 3601 3487 3654 la-

1916 3709 2034 3747 cutn
2063 3706 2121 3745 se
2154 3692 2478 3762 prmcipitem
2507 3691 2670 3746 dedit.
2721 3692 2972 3761 Regulus,
3003 3708 3067 3746 ne
3107 3693 3263 3746 fidem
3305 3691 3483 3745 datam

1918 3783 2201 3853 frangeret,
2255 3784 2394 3836 ultro
2419 3782 2799 3850 Carthaginem
2854 3781 3018 3836 rediit
3065 3783 3129 3834 ad
3183 3797 3324 3836 smva
3380 3791 3488 3836 tor-

1920 3888 2096 3928 menta
2140 3882 2194 3927 et
2219 3873 2646 3926 crudelissimam
2695 3879 2942 3926 mortem.
2996 3871 3212 3942 Sagunti
3262 3872 3395 3926 fides
3435 3881 3489 3927 et

1919 3965 2238 4019 constantia.
2301 3963 2539 4018 Feminae
2586 3963 2780 4031 etiam,
2828 3971 2886 4017 ut
2929 3963 2995 4016 ad
3027 3966 3228 4018 scelera
3258 3965 3488 4019 audaces

1920 4072 2061 4125 sunt,
2087 4060 2155 4113 ita
2180 4060 2393 4130 egregia
2424 4057 2657 4112 facinora
2677 4071 2821 4126 saepe
2852 4057 3254 4144 aggrediuntur.
3282 4055 3488 4121 Ιιιιιίιιι,

1923 4156 2205 4212 lluluferne
2228 4157 2427 4220 occiso,
2453 4153 2673 4222 patriam
2702 4152 2962 4207 liberavit.
2987 4151 3272 4222 Thamyris
3297 4147 3492 4221 Cyrum

1921 4248 2147 4315 subegit.
2189 4245 2399 4301 Ev.tdne
2448 4261 2632 4316 rogum
2661 4261 2764 4315 quo
2804 4245 2985 4299 mariti
3035 4261 3228 4315 corpus
3270 4245 3491 4300 ardebat

1923 4339 2260 4394 conscendit.
2293 4339 2428 4393 Dido
2454 4339 2552 4392 sibi
2581 4339 2680 4406 ipsi
2725 4353 2910 4408 pyram
2942 4336 3266 4391 construxit.
3295 4334 3493 4389 Lucre-

1926 4436 1994 4486 tia
2023 4433 2125 4487 sibi
2167 4448 2354 4486 manus
2385 4432 2584 4486 intulit.
2612 4432 2796 4486 Pln'res
2818 4433 2936 4486 alite
2962 4431 3164 4484 scelera
3207 4438 3297 4481 aut
3325 4429 3489 4482 ardua

243 4507 507 4575 EWmPla
530 4507 645 4562 ﬁdei
696 4509 747 4561 i"
797 4508 1114 4574 Abraham":
1163 4490 1350 4576 Τοδίδι
1405 4509 1643 4574 “Midea
1693 4510 1825 4564 Εῑθ·
1854 4490 2156 4581 Dfacinora
2191 4523 2529 4592 perfecerunt
2568 4537 2752 4576 amore
2794 4523 2984 4586 laudis,
3013 4529 3102 4573 aut
3153 4534 3247 4588 pro
3277 4518 3495 4573 numine

246 4597 440 4659 chielv,
476 4597 624 4649 Anna
666 4597 932 4650 Samuelis
983 4604 1171 4651 matre.
1204 4597 1426 4652 Precnm
1477 4598 1614 4665 apud
1657 4599 1822 4653 Deum

245 4690 328 4742 vis
367 4699 423 4740 et
461 4686 714 4740 efficacia.
747 4686 1028 4755 Zacharias
1046 4697 1196 4756 pater
1225 4687 1281 4743 S.
1322 4687 1543 4742 Joannis
1573 4688 1825 4756 Baptista:

250 4779 472 4846 punitus
515 4778 655 4845 quod
701 4777 920 4832 credere
963 4777 1276 4832 distulisset.
1309 4779 1398 4832 Dei
1450 4779 1822 4834 misericordia

247 4870 427 4938 major
461 4871 618 4940 115
647 4884 802 4939 quam
828 4869 1052 4937 justitia.
1075 4871 1181 4925 Cur
1223 4869 1361 4926 Deus
1392 4873 1690 4926 sceleratos
1723 4872 1822 4927 ho-

243 4964 426 5016 mines
465 4963 529 5014 ad
562 4972 888 5016 senectutem
931 4977 1033 5016 non
1067 4962 1328 5031 perducit,
1361 4971 1418 5016 ut
1444 4974 1826 5018 convertantur

243 5054 317 5109 ad
347 5071 494 5108 eum.
545 5046 874 5110 Sacrificium
931 5055 1039 5109 Deo
1082 5071 1175 5110 cor
1214 5066 1520 5110 cantrttum.
1587 5057 1826 5110 Eleemo-

243 5160 385 5215 Iyna
431 5148 821 5201 commendata.
885 5147 1178 5215 Paupernm
1227 5147 1494 5201 orationes
1542 5147 1824 5216 plurimum

243 5237 390 5304 apud
425 5237 465 5289 Ι)
502 5253 588 5290 utn
611 5238 806 5292 valent.
834 5238 1141 5306 Exemplum
1164 5239 1402 5293 Tabithte
1424 5255 1452 5291 a
1479 5250 1650 5294 morte
1675 5255 1828 5294 revo-

243 5338 406 5383 catze.
438 5329 594 5383 Avari
624 5329 991 5398 objurgantnr.
1019 5331 1109 5383 ι)ιοί
1133 5329 1338 5399 justitia
1367 5339 1420 5384 et
1448 5331 1823 5385 misericordia

243 5423 302 5476 in
329 5421 556 5475 transitu
601 5420 898 5475 Isra.~litartt
921 5439 950 5473 η
980 5437 1072 5491 per
1100 5436 1244 5477 mare
1287 5420 1520 5476 Rnbram
1556 5419 1825 5492 {Egyptiis

244 5511 571 5570 submersis.

719 5602 1042 5660 SYNOPSIS
1081 5605 1256 5660 LIBRI
1296 5605 1380 5659 lll.

321 5694 425 5751 Dei
453 5694 658 5764 laudes,
701 5695 905 5750 infinita
939 5697 1177 5762 scientia,
1226 5698 1452 5768 justitia,
1485 5697 1763 5752 clementia
1791 5739 1806 5764 ,

1927 4631 2064 4670 vano
2093 4614 2334 4682 deorum,
2361 4628 2426 4667 ex
2450 4597 2640 4681 quibus
2670 4612 2795 4666 nihil
2822 4611 2946 4666 boni
2978 4609 3105 4662 oriri
3137 4616 3306 4674 potest
3333 4647 3347 4667 ,
3374 4621 3493 4660 cum

1925 4706 2071 4760 solus
2100 4707 2168 4758 sit
2193 4719 2325 4758 unus
2354 4717 2513 4758 verus
2559 4702 2722 4769 Dens,
2757 4701 3068 4775 immensus,
3102 4704 3332 4750 aeternus
3357 4735 3373 4759 ,
3403 4696 3494 4762 qui

1929 4812 2121 4867 parens
2169 4805 2354 4850 noster
2379 4805 2482 4863 est,
2525 4795 2679 4864 cujus
2728 4808 2826 4847 nos
2850 4792 3171 4845 filiisnmus.
3225 4788 3322 4842 Cui
3371 4803 3492 4842 cum

1927 4903 2112 4943 onmes
2140 4902 2226 4942 res
2274 4895 2468 4941 creatae
2518 4885 2856 4949 famulentur,
2891 4881 3061 4936 audax
3102 4891 3156 4934 et
3200 4880 3491 4932 sceleratus

1929 4979 2088 5033 homo
2113 4986 2213 5045 est,
2237 4978 2282 5032 si
2311 4978 2427 5047 ejus
2453 4976 2612 5045 jussis
2645 4988 2832 5044 parere
2863 4973 3108 5042 negligat.
3133 4969 3413 5026 Confessio
3441 4979 3497 5025 et

1929 5071 2236 5140 ptenitentia
2271 5069 2558 5124 Dracont‘i.
2579 5067 2866 5119 Enumerat
2892 5077 3156 5117 aerumnas
3189 5063 3238 5114 in
3267 5076 3398 5129 quas
3429 5060 3498 5114 ob

1928 5161 2148 5216 crimina
2199 5158 2476 5214 inciderat.
2533 5157 2670 5211 Petit
2710 5155 2916 5209 veniant
2957 5171 2985 5208 a
3015 5153 3143 5206 Dea.
3181 5151 3494 5220 Exemplum

1929 5250 2046 5305 Jubi
2074 5249 2348 5318 proponit,
2380 5256 2434 5302 et
2476 5260 2722 5301 resnrrcc
2748 5246 2925 5299 ionem
2968 5243 3242 5296 aridorum
3272 5256 3488 5295 ossuum

1929 5340 2068 5410 apud
2100 5339 2455 5400 Ezechielem,
2483 5351 2639 5405 quam
2667 5333 2916 5403 graphice
2945 5331 3204 5402 depingit.
3229 5330 3501 5385 Nabuclto-
3556 5378 3567 5387 .

1927 5433 2206 5487 donosoris
2236 5429 2563 5499 pmnitentia.
2597 5427 2786 5480 Preces
2821 5423 3084 5478 Dracontii
3115 5423 3179 5476 ad
3209 5423 3374 5476 Deum
3402 5435 3499 5490 pro

1927 5522 2243 5578 liberatione
2265 5537 2290 5571 a
2309 5517 2553 5579 vinculis,
2571 5526 2617 5572 et
2637 5532 2730 5586 pro
2752 5515 2819 5572 bo
2845 5517 2906 5571 :is
2939 5515 3095 5585 hujus
3110 5522 3268 5584 atque
3285 5521 3498 5568 aeternae

1929 5618 2048 5672 vita:
2075 5613 2484 5683 consequendis.
