3994 6290
194 248 291 346 est

361 400 629 469 Fulmina,
653 402 885 474 nimbus,
911 404 1109 478 hiems,
1135 405 1382 474 tonitrus,
1410 405 1523 476 lux,
1544 406 1777 474 ﬂamma,
1810 408 1863 469 Α
1890 405 1955 459 11)

1402 501 1698 575 [procellae,

359 592 594 663 Caelum,
622 605 782 662 terra,
803 595 982 670 iubar,
1007 597 1193 667 chaos,
1221 597 1356 672 atris,
1381 595 1619 659 ﬂumina,
1647 610 1775 665 pon-

1048 674 1053 693 ’
1572 689 1700 762 ltus,

364 781 456 839 Vel
479 782 736 853 quidquid
765 792 952 841 natura
983 784 1132 841 dedit
1165 794 1427 856 praecepta
1456 798 1664 840 creare.

1423 283 1707 346 CAliMEN
1746 285 1837 345 DE
1881 285 2031 345 DEO.
2073 284 2202 343 LIB.
2243 284 2285 343 l.

3367 281 3477 343 689

2064 403 2174 457 lloc
2201 399 2330 471 agit,
2361 405 2419 454 et
2444 396 2686 469 sequitur
2715 394 2880 454 variis
2909 393 3010 452 sub
3038 393 3246 451 casibus
3279 393 3412 464 iras,

2066 497 2221 567 120
2253 492 2318 548 Εἴ
2349 494 2433 564 pia
2460 501 2583 547 vota
2614 491 2710 547 Dei
2741 490 2952 546 miseris
2983 489 3127 554 hinc,
3147 488 3270 543 inde
3302 488 3472 544 beatis

2059 590 2164 644 Pro
2193 589 2399 644 meritis
2427 602 2658 655 morum,
2694 601 2791 657 pro
2815 596 2964 641 certo
2996 584 3209 640 tramite
3241 587 3382 638 vitm.

2133 665 2444 751 Paupertas,
2472 696 2640 749 mors,
2674 680 2803 749 vita,
2831 680 2997 745 salus,
3029 678 3323 750 epulentia,
3359 679 3474 733 lau-

3224 773 3396 844 lsuor,

1494 914 1732 975 VARIAS
1774 912 2176 970 LECTIONES.

254 1031 339 1086 11.
386 1032 527 1099 Val.,
557 1033 677 1089 hinc
701 1043 853 1103 atque
873 1034 1048 1091 beatis.

1960 1028 2046 1083 15.
2090 1028 2232 1093 Vat.,
2257 1026 2383 1093 vita,
2404 1027 2587 1094 scelus,
2620 996 2900 1097 opulentia.

1708 1148 1940 1207 ΝΟΤᾹΣ.

185 1276 278 1332 gte.
322 1260 435 1334 Sed
490 1262 659 1317 multo
705 1262 875 1332 magis
899 1263 1101 1319 arridet
1139 1263 1360 1334 quinque
1392 1262 1576 1333 plaga’,
1608 1276 1768 1331 quam

185 1332 491 1403 simpliciter
529 1335 696 1405 plaga:
733 1350 915 1405 :rnam
965 1332 1159 1403 postea
1200 1332 1440 1403 sequitur
1482 1332 1770 1404 septemque

186 1405 315 1475 poti.
364 1412 417 1458 et
461 1404 693 1477 quinque
736 1404 1010 1477 plagarum
1070 1406 1274 1460 mentio
1323 1420 1575 1477 expressa
1627 1406 1768 1477 apud

185 1474 361 1547 poetas
390 1475 548 1529 obvia
588 1487 691 1547 est,
727 1474 860 1547 quas
893 1492 1056 1531 zonas
1079 1479 1240 1532 etiam
1270 1485 1482 1547 vocant.
1509 1474 1768 1547 Virgilius

184 1539 278 1601 lili.‘
303 1561 404 1617 vn,
439 1559 583 1601 vers.
614 1539 841 1611 226,11
868 1549 1062 1617 siquem
1088 1557 1289 1602 extenta
1337 1539 1772 1615 plagut‘unt'Qua-

185 1629 287 1671 tuor
307 1616 362 1670 in
393 1618 557 1670 medio
583 1618 775 1672 dirimit
809 1616 963 1690 plaga
991 1619 1114 1673 solis
1144 1620 1326 1686 iniqui,
1357 1628 1411 1671 et
1433 1617 1628 1690 Georg.
1670 1619 1764 1672 111).

183 1704 223 1751 ι,
254 1702 397 1742 vers.
428 1689 534 1743 ξ.)ὅὸ
576 1704 754 1759 seqq.,
811 1688 911 1743 eas
935 1691 1157 1760 pulchre
1186 1689 1443 1744 describit
1476 1705 1490 1743 :
1528 1688 1768 1757 Quinque

183 1738 552 1813 decutere—litin
777 1738 904 1816 cie:
1281 1760 1371 1814 lib.
1402 1776 1419 1814 ι
1462 1738 1583 1816 Mei.
1621 1738 1764 1817 γένεο
1800 1738 1846 1799 Β

182 1830 243 1883 45
275 1845 439 1902 seqq.
484 1832 799 1886 Dracontius
832 1832 982 1902 Eleg.
1018 1847 1158 1887 vers.
1192 1833 1258 1886 89
1297 1848 1433 1901 seq.,
1476 1831 1767 1899 Temperies

183 1901 284 1955 cteli
313 1903 532 1955 medium
564 1919 652 1955 nec
686 1902 906 1971 possidet
933 1901 1123 1969 orbem,
1160 1902 1301 1957 Nam
1321 1903 1382 1955 de
1403 1905 1627 1972 quinque
1655 1903 1768 1968 pla-

181 1972 268 2046 gis_
301 1972 413 2046 vix“
443 1972 587 2026 habet
643 1974 755 2042 ipsa
783 1973 933 2028 duas.
961 1975 1180 2030 Veteres
1220 1982 1422 2041 septem
1479 1973 1630 2046 polos
1671 1989 1767 2030 seu

182 2042 336 2116 eteius
367 2042 779 2112 distinguebant,
815 2046 1053 2101 nonnulli
1103 2047 1303 2116 plures,
1327 2046 1415 2100 alii
1456 2045 1761 2114 pauciores.

180 2113 427 2186 Paulinus
456 2130 629 2183 poem.
665 2116 783 2183 ult.,
824 2116 939 2171 Hoc
966 2113 1117 2171 etiam
1155 2118 1358 2181 coelum,
1388 2113 1522 2186 quod
1559 2132 1649 2169 nos
1678 2133 1767 2169 su-

182 2185 319 2240 blime
361 2186 606 2259 videmus,
657 2186 764 2259 Sea:
812 2187 929 2241 aliis
972 2189 1111 2257 infra
1136 2199 1211 2242 est
1246 2185 1413 2259 spatio
1443 2188 1764 2257 surgentibus

182 2273 336 2324 irque,
376 2256 595 2324 Poistque
641 2257 848 2312 thronos
892 2256 1102 2328 septem,
1147 2256 1417 2314 etc.'Alia
1467 2259 1661 2328 protuli
1712 2260 1764 2313 in

181 2338 462 2400 comment.
495 2330 559 2400 ad
595 2328 940 2384 Prudentium
975 2330 1161 2400 hyntn.
1195 2332 1224 2381 7
1268 2330 1449 2396 Οτιιιι.,
1493 2345 1636 2384 vers.
1669 2331 1759 2395 56,

180 2396 293 2471 Non
318 2408 437 2452 ante
466 2398 576 2453 cwli
604 2401 885 2471 principem
913 2396 1272 2471 septemplicis.
1309 2402 1362 2455 ln
1393 2401 1586 2456 mendo
1616 2401 1765 2455 codi-

180 2470 246 2523 cis
277 2485 375 2525 ms.
404 2471 623 2533 lunaque
650 2481 698 2524 et
726 2470 909 2535 omnis,
945 2473 1025 2526 vel
1058 2470 1230 2528 omnes
1259 2473 1450 2540 conjici
1481 2482 1654 2541 potest
1683 2473 1765 2525 lu.

180 2558 355 2613 itaque,
387 2552 434 2594 et
462 2541 638 2610 aether,
671 2543 755 2597 vel
786 2552 836 2597 et
877 2544 1033 2613 ignis,
1067 2561 1189 2599 nam
1226 2559 1371 2612 smpe
1396 2543 1463 2597 de
1496 2545 1615 2612 igne
1645 2558 1762 2599 c03—

180 2611 290 2666 lesli
319 2614 522 2667 mentio
549 2613 785 2668 occurrit
814 2611 954 2681 apud
994 2611 1337 2670 Dracontium
1364 2633 1379 2681 ;
1417 2614 1499 2669 vel
1521 2611 1573 2668 et
1603 2613 1759 2677 orbis,

180 2683 323 2757 velet
350 2684 524 2757 omnia
554 2684 758 2757 Sidera,
802 2687 970 2754 signa,
1007 2702 1099 2755 per
1146 2685 1439 2757 synaeresin
1483 2687 1677 2757 omnia,
1707 2693 1768 2741 ιιι

178 2754 318 2808 initio
350 2755 442 2809 lib.
474 2770 525 2809 v1
556 2754 785 2828 Virgilii.
845 2757 980 2822 Quin
1010 2754 1251 2825 protinus
1297 2758 1468 2811 omnia
1520 2755 1763 2828 Perlege-

179 2834 279 2898 rent
308 2828 502 2898 oculis;
526 2827 607 2898 vel
647 2827 887 2895 lunaque,
922 2830 1033 2882 caeli
1077 2828 1284 2891 Sidera,
1319 2829 1401 2882 vel
1429 2828 1631 2898 aliquid
1665 2827 1765 2882 hu-

179 2895 416 2964 iusmodi.
448 2897 683 2953 Prtefero
705 2910 881 2953 autem
907 2900 1147 2966 lunaque,
1175 2909 1219 2953 et
1243 2910 1385 2953 astra
1408 2915 1425 2953 :
1448 2895 1569 2953 nant
1599 2898 1762 2954 etiam

180 2968 265 3020 lib.
310 2984 375 3036 ll,
411 2984 554 3023 vers.
608 2968 734 3039 205,
796 2970 960 3024 simili
1001 2972 1406 3025 enumeratione
1456 2986 1584 3024 usus
1630 2979 1760 3024 est:

179 3038 383 3110 Agmina
416 3050 463 3093 te
500 3038 773 3106 astrorum,
798 3049 844 3095 te
874 3042 1020 3110 signa
1053 3054 1100 3095 et
1124 3042 1294 3097 sidera
1323 3041 1553 3095 laudant.
1598 3040 1765 3093 Isido-

1879 1265 2123 1339 fuissent.
2151 1260 2353 1339 Poterit
2381 1258 2540 1339 etiam
2570 1258 2659 1339 hic
2679 1274 2875 1339 Xersus
2899 1266 3295 1339 connecticnm
3325 1281 3469 1339 seq.,

1886 1329 1980 1388 Vel
2001 1333 2247 1413 quidquid
2271 1342 2456 1386 natura
2480 1331 2641 1385 dedit.
2669 1329 2935 1402 Prtecepta
2964 1338 3171 1391 creandi
3196 1336 3321 1392 Haec
3340 1329 3469 1413 agit,

1882 1415 1930 1459 et
1960 1406 2205 1473 sequitur,
2237 1413 2341 1459 etc.

1953 1476 2040 1529 10.
2078 1475 2322 1545 Intelligo
2348 1488 2563 1530 carmen
2594 1488 2753 1544 agere
2782 1474 2904 1541 hoc,
2936 1483 2994 1531 ut
3025 1475 3267 1535 homines
3302 1480 3355 1536 iu
3381 1499 3479 1539 re-

1879 1547 1978 1602 bus
2017 1550 2214 1602 creatis
2247 1548 2410 1620 lteum
2445 1553 2758 1620 agnoscant,
2787 1555 2841 1600 et
2857 1555 3129 1620 praeterea
3173 1555 3342 1620 sequi,
3375 1570 3474 1611 seu

1879 1633 2100 1672 narrare
2127 1632 2287 1687 opera
2320 1617 2417 1671 irae
2443 1628 2499 1672 et
2528 1617 2829 1672 clementiae
2857 1617 2947 1674 Dei
2979 1636 2993 1673 :
3018 1628 3074 1673 ut
3104 1635 3223 1675 cum
3245 1617 3478 1681 Juvena-

1876 1688 1963 1753 lis,
1994 1699 2095 1765 sat.
2129 1706 2163 1754 t,
2193 1702 2333 1765 vers.
2360 1689 2448 1752 86,
2477 1701 2848 1765 argumentum
2873 1692 3133 1765 “proponit
3162 1708 3176 1746 :
3211 1694 3475 1765 Quidquid

1873 1772 2034 1828 agunt
2077 1762 2327 1834 homines,
2371 1768 2565 1834 votum,
2599 1760 2904 1834 tintor,_ira,
2950 1762 3202 1834 voluptas,
3237 1760 3468 1834 Gaudia,

1871 1833 2134 1886 discursus
2164 1831 2324 1885 nostri
2364 1844 2436 1885 est
2476 1832 2687 1901 farrago
2729 1831 2908 1886 libelli.
2950 1831 3074 1887 Non
3108 1836 3250 1890 male
3286 1831 3474 1901 sequor

1873 1918 2155 1976 pronarro
2179 1912 2463 1976 usurpatur
2494 1919 2507 1955 :
2533 1903 2612 1976 sig
2631 1903 2835 1958 Seneca
2866 1903 2917 1956 itt
2942 1902 3136 1958 Troad.
3170 1922 3309 1961 vers.
3336 1908 3469 1976 256,

1870 1971 2125 2048 Inc/glas
2150 1974 2329 2027 laudes
2348 1975 2530 2048 juvat,
2565 1971 2632 2048 Et
2663 1976 2807 2048 clara
2835 1976 3006 2045 magni
3047 1979 3185 2045 facta
3224 1971 3474 2048 genitoris

1866 2047 2030 2113 sequi.
2082 2045 2197 2099 Non
2236 2059 2364 2099 vero
2399 2043 2530 2098 mihi
2561 2044 2840 2112 displiceat
2881 2043 2959 2099 sic
3003 2043 3309 2110 restituere.
3338 2050 3471 2107 Haec

1868 2117 2053 2191 etenim
2076 2115 2405 2191 exsequitur,
2439 2115 2524 2168 vel
2554 2113 2685 2167 Htec
2723 2130 2963 2191 namque,
2996 2128 3086 2191 aut
3114 2119 3236 2186 quid
3264 2121 3464 2191 simile,

1867 2194 1930 2241 ut
1958 2187 2288 2255 intelligatur
2319 2194 2528 2248 natura,
2557 2200 2676 2256 qua:
2701 2186 3011 2253 exsequitur
3034 2189 3140 2242 iras
3161 2200 3215 2243 et
3240 2193 3323 2256 pia
3344 2186 3468 2250 vota

1873 2258 1987 2313 Dei.
2018 2258 2239 2330 ln_hauc
2264 2257 2584 2311 sententiam
2611 2254 2844 2323 ProSpcr
2869 2256 3037 2330 epigr‘.
3066 2259 3119 2323 5,
3147 2254 3469 2330 Principium

1868 2330 2048 2403 mundi
2072 2328 2205 2382 Deus
2228 2337 2321 2395 est,
2345 2344 2444 2395 quo
2464 2335 2651 2403 cuncta
2672 2327 3047 2403 mouentum-Et
3066 2340 3179 2397 qua:
3200 2327 3469 2403 permittit,

1866 2402 1943 2453 vel
1958 2401 2103 2467 jubet
2132 2409 2330 2462 auctor,
2361 2408 2540 2469 agunt.
2574 2398 2707 2451 Hinc
2738 2397 3059 2451 mutabilium
3087 2397 3256 2455 rerum
3286 2397 3471 2460 immul-

1869 2472 2038 2543 labilis
2060 2472 2187 2525 ordo
2208 2469 2280 2523 ΑΞ
2287 2468 2414 2524 terni
2450 2470 2620 2543 servit_
2647 2468 3105 2543 legibusﬂarti/icis.
3146 2470 3311 2543 Inque
3343 2493 3469 2532 suos

1868 2542 1995 2612 ﬁnes
2027 2543 2256 2612 procedit
2288 2557 2499 2612 quisque
2537 2539 2792 2604 voluntas,
2826 2537 2939 2612 Nec
2967 2543 3120 2595 variis
3148 2537 3340 2599 meritis
3382 2565 3470 2601 ar-

1868 2610 1997 2687 biter
2022 2610 2381 2687 aequusabest,
2407 2610 2578 2687 Corda
2604 2627 2802 2687 regens,
2834 2611 2962 2687 vires
2992 2612 3232 2687 tribuens,
3258 2631 3469 2687 peccata

1868 2684 2149 2750 remittens,
2185 2684 2333 2738 Mitis
2357 2682 2619 2751 subjectis,
2652 2681 2957 2753 implacidas
2997 2686 3226 2739 tumidis.
3258 2681 3346 2742 'Ut
3378 2707 3468 2749 nec

1869 2771 2017 2830 pinna
2045 2757 2237 2830 malum
2267 2770 2594 2830 queinquam,
2628 2769 2719 2830 nec
2755 2754 2920 2830 gloria
2947 2756 3466 2830 justumﬁuscipiat,

1911 2826 1975 2898 isi
2005 2843 2123 2879 eum
2152 2828 2304 2881 laude
2327 2836 2376 2879 et
2398 2828 2589 2898 honore
2620 2824 2732 2898 Dei.
2774 2824 3108 2898 Dracontius,
3142 2826 3287 2898 Eleg.
3323 2824 3465 2889 vers;

1906 2896 1959 2963 5,
2002 2898 2264 2974 Quidquid
2293 2905 2452 2974 agunt
2490 2896 2742 2974 homines,
2782 2895 2935 2974 bona,
2975 2898 3161 2974 tristia,
3196 2895 3463 2974 prospera,

1869 2967 2197 3037 pravatHoc
2222 2968 2335 3035 ﬁeri
2362 2967 2641 3021 admittunt
2666 2967 2743 3018 ira
2774 2967 3013 3037 favorque
3042 2967 3153 3023 Dei.

1948 3039 2027 3092 11.
2052 3036 2149 3091 Pia
2168 3047 2279 3091 vota
2292 3039 2388 3091 Dei
2408 3041 2634 3092 innuunt
2652 3036 2992 3092 clementiam
3014 3049 3066 3093 et
3090 3040 3322 3096 favorem
3343 3044 3461 3104 Dei.

176 3124 280 3182 rus,
310 3108 455 3173 Orig.
478 3111 592 3182 “lib.
626 3128 709 3177 ιιι,
740 3127 858 3180 cap.
880 3108 968 3175 60,
1013 3112 1213 3179 Stellw,
1256 3122 1301 3166 et
1331 3113 1525 3178 sidera,
1560 3122 1605 3165 et
1627 3120 1768 3166 astra
1795 3113 1842 3177 C
1874 3108 1989 3164 Lib.
2020 3126 2077 3177 tt,
2109 3125 2250 3182 vers.
2282 3110 2655 3182 609,7iterum_
2678 3109 2749 3182 de
2777 3108 2887 3182 Deo
2917 3125 2929 3159 :
2960 3108 3190 3182 Oderunt
3219 3116 3305 3182 pia
3347 3128 3465 3171 vota

177 3180 297 3254 inter
316 3197 371 3235 se
400 3180 675 3249 ili/ferunt.
698 3182 833 3237 Nam
850 3183 999 3238 stella
1021 3184 1336 3254 estquwlibet
1352 3183 1652 3254 singularis.
1681 3182 1770 3239 Si-

178 3252 292 3325 dera
312 3268 430 3325 vero
459 3262 577 3307 sunt
624 3255 1051 3319 stellis’plurimis
1079 3252 1239 3325 facta,
1269 3265 1324 3310 ut
1350 3252 1596 3325 hyades,_
1612 3254 1769 3321 pleia-

175 3322 459 3398 des._Astra
480 3335 664 3398 autem
676 3335 793 3379 sunt
820 3327 979 3398 stellis
994 3322 1238 3398 grandes,
1270 3337 1324 3380 ut
1347 3322 1529 3393 Orion,
1557 3323 1764 3379 Bootes.

177 3393 237 3471 ξι
283 3395 335 3449 1η
381 3394 479 3471 lib.
511 3412 525 3449 ι
559 3395 743 3452 Dill'er.
775 3397 943 3463 addit,
976 3393 1178 3471 signum
1207 3412 1329 3471 esse
1357 3414 1456 3471 quo
1484 3397 1767 3471 animantis

177 3464 334 3538 imago
365 3467 644 3536 formatur,
687 3476 743 3521 ut
769 3478 967 3533 taurus,
999 3464 1252 3538 scorpius.
1284 3464 1480 3523 Stellas
1511 3482 1643 3521 vero
1679 3469 1766 3523 hic

176 3536 297 3611 dicit
323 3551 448 3592 esse
498 3538 816 3611 multijuges,
864 3550 921 3611 ut
964 3536 1192 3610 hyades;
1235 3541 1411 3594 sidera
1468 3538 1766 3611 autemilla

176 3607 346 3676 quibus
394 3607 1076 3679 navigantes'considerant,
1111 3612 1249 3680 quod
1299 3611 1365 3664 ad
1398 3627 1603 3664 cursum
1632 3610 1762 3664 diri-

174 3689 285 3753 gant
314 3681 606 3753 consilium,
632 3681 723 3735 ubi
757 3682 891 3736 forte
921 3682 1201 3752 legendum
1226 3698 1343 3753 qua:
1376 3685 1692 3753 navigantes.

240 3751 291 3804 8.
339 3750 519 3819 Supra
561 3768 706 3808 vers.
735 3753 769 3807 5
796 3753 927 3808 dicit
973 3750 1156 3814 inmitia
1201 3750 1330 3821 caeli,
1359 3750 1764 3822 dum'singulas

174 3830 346 3890 partes
386 3833 707 3889 enumerat;
741 3839 882 3879 nunc
922 3825 1102 3880 ctelum
1148 3832 1318 3879 totum
1358 3824 1626 3893 intelligit.
1664 3824 1765 3879 lie-

172 3894 471 3966 petitiones
486 3892 727 3963 ejusdem
752 3895 1005 3966 vocabuli
1036 3897 1341 3966 frequentes
1371 3905 1495 3954 sunt
1528 3892 1766 3949 Dracon—

172 3963 263 4030 tio,
297 3974 353 4016 ut
382 3964 507 4019 aliis
537 3969 705 4030 poetis
734 3965 1071 4021 Christianis.
1108 3963 1163 4021 In
1196 3967 1419 4022 Paulino
1453 3966 1764 4021 Petrucorio

172 4028 221 4106 id
254 4035 489 4089 adsertit
520 4028 753 4092 'lhomas
788 4036 1149 4106 Wopkeusius
1192 4042 1243 4092 in
1277 4039 1501 4094 Advers.
1540 4037 1662 4091 crit.
1695 4038 1762 4093 ad

171 4103 379 4177 Paulini.
412 4122 557 4162 vers.
585 4108 652 4162 27
686 4108 776 4163 lib.
807 4103 1061 4164 nt.'lnter
1097 4125 1183 4165 res
1212 4118 1421 4164 creatas
1451 4126 1569 4177 qum
1596 4108 1763 4164 Deum

171 4176 408 4250 laudant,
441 4188 754 4234 recensetur
787 4179 971 4247 chaos,
1004 4190 1061 4235 ut
1089 4196 1230 4235 vers.
1282 4183 1315 4236 5
1359 4176 1581 4250 Elegiae,
1616 4178 1761 4247 Nox,

168 4245 291 4301 luna
321 4249 571 4321 fatentur,
600 4261 649 4305 et
684 4252 733 4305 itt
758 4245 982 4307 Cantico
1014 4254 1172 4306 trium
1203 4245 1489 4321 puerorum
1520 4261 1689 4304 noctes
1717 4245 1766 4305 et

166 4321 407 4373 tenebris.
458 4320 562 4393 Pro
593 4323 708 4376 axis
749 4322 978 4377 fortasse
1018 4320 1213 4393 legere
1244 4324 1516 4391 pratstabit
1554 4339 1642 4377 aer
1671 4334 1765 4378 aut

164 4404 313 4455 aura,
346 4392 593 4461 quamvis
619 4393 726 4461 jam
759 4409 919 4462 supra
951 4395 1057 4448 noti
1083 4392 1350 4450 Occurrat.

231 4462 288 4517 9.
326 4462 585 4531 Suspicor
618 4464 934 4519 mendosum
983 4481 1105 4521 esse
1135 4465 1277 4521 hunc
1306 4479 1544 4519 versum.
1590 4463 1643 4520 Si
1688 4465 1758 4521 ita

165 4546 284 4607 eum
328 4533 478 4603 legas
517 4543 576 4588 ut
611 4545 694 4590 est
732 4535 785 4589 in
820 4551 944 4602 ms.,
984 4537 1268 4606 intelliges,
1303 4546 1762 4607 prteceptacreare

164 4602 305 4658 idem
332 4602 457 4659 esse
486 4620 549 4658 ac
565 4607 719 4676 jussa
744 4623 955 4671 creare;
985 4608 1077 4661 lib.
1110 4602 1324 4670 t,'vers'.
1357 4602 1482 4670 402,
1535 4606 1636 4661 His
1667 4611 1761 4661 da-

164 4683 244 4726 tur
284 4679 454 4751 omnis
490 4676 713 4751 humus,_
739 4690 783 4751 et
823 4680 1070 4749 quidquid
1102 4682 1256 4751 jussa
1295 4680 1530 4751 creavit:
1572 4679 1665 4751 lib.
1700 4695 1760 4745 ιι,

162 4759 305 4817 [ει-5.
350 4748 440 4812 76,
486 4748 750 4817 Quidquid
780 4759 966 4804 natura
994 4748 1202 4815 creavit,
1235 4760 1287 4806 et
1330 4750 1422 4804 lib.
1458 4765 1598 4805 vers.
1631 4749 1760 4817 260,

161 4812 227 4889 Et
252 4812 605 4889 quodcunque
633 4812 824 4873 malum
858 4820 1045 4876 vindex
1082 4812 1267 4875 natura
1297 4823 1501 4875 creavit.
1552 4812 1761 4889 Avitus,

158 4887 342 4965 111).“1Α,
386 4887 527 4965 vers.
708 4891 955 4965 Accepere
1002 4910 1159 4965 genus
1207 4893 1316 4947 sine
1355 4893 1580 4965 germine
1614 4887 1766 4965 jussa

156 4962 353 5015 creari.
402 4960 537 5015 Mar.
584 4961 769 5017 Victor
798 4960 892 5017 lib.
938 4979 951 5017 ι
998 4960 1130 5018 Gen.
1169 4980 1310 5018 vcrs.
1345 4960 1467 5031 118,
1501 4960 1765 5019 Forinavit

154 5041 358 5085 natura
388 5033 591 5107 modis,
625 5034 840 5088 educere
859 5036 1008 5103 jussa
1040 5035 1087 5087 E
1116 5045 1236 5107 toto
1252 5045 1443 5107 partes,
1476 5036 1767 5106 formasque

152 5119 178 5156 e
198 5119 430 5178 corpore
450 5103 624 5178 inani;
650 5114 704 5159 et
732 5115 851 5174 post
878 5121 1018 5161 vers.
1043 5108 1167 5178 3'59,
1201 5103 1365 5162 Oinne
1387 5107 1600 5167 animal,
1626 5103 1766 5178 quod

153 5173 335 5227 adhuc
364 5174 514 5229 tellus
545 5177 666 5230 dare
684 5173 833 5245 jussa
858 5178 1062 5233 crearit.
1101 5177 1278 5231 Verbo
1307 5178 1518 5231 creandi
1547 5173 1768 5232 utuntur

151 5244 203 5320 lii
233 5255 500 5301 auctores
531 5247 582 5300 in
610 5244 770 5320 sensu
800 5249 977 5305 minus
1006 5251 1222 5319 proprio
1254 5264 1350 5318 pro
1377 5251 1610 5315 educere,
1644 5267 1768 5320 pro-

147 5318 352 5390 ducere
389 5333 419 5372 e
461 5318 684 5373 materia
709 5319 819 5387 jam
861 5318 1126 5377 existente
1159 5338 1171 5374 ε
1210 5336 1331 5375 nam
1375 5318 1672 5390 producere
1701 5336 1766 5377 ex

152 5389 373 5457 nihilo,
402 5389 545 5460 quod
590 5393 802 5460 proprie
835 5402 917 5446 est
946 5407 1149 5457 creare,
1196 5393 1295 5446 soli
1336 5392 1446 5448 Deo
1474 5392 1759 5459 convenit;
1796 5404 1799 5409 '

143 5461 297 5534 quod
330 5461 769 5534 tamenintellige
796 5464 860 5517 ad
890 5479 1043 5518 usum
1076 5464 1481 5534 scltolasticum,
1507 5476 1563 5517 ut
1587 5464 1761 5519 dicam

145 5533 214 5584 ad
250 5547 409 5588 vers.
432 5531 467 5585 9.
489 5533 702 5601 Elegiae.
746 5534 930 5590 Posset
965 5536 1050 5590 hic
1082 5551 1269 5590 versus
1300 5537 1369 5589 ita
1402 5531 1635 5601 restitui,
1669 5536 1759 5589 de-
1792 5558 1813 5589 λ.

141 5605 223 5656 dit
251 5620 360 5674 per
384 5614 568 5657 cuncta
596 5606 848 5670 creatrix;
881 5610 1038 5676 paulo
1068 5619 1207 5676 post,
1242 5622 1381 5662 vers.
1411 5606 1501 5673 27,
1530 5607 1765 5662 occurrit

141 5685 354 5729 natura
383 5677 623 5742 creatrix,
672 5685 725 5730 et
752 5694 840 5747 per
869 5688 1049 5732 Cttttcl't
1081 5679 1607 5735 dixit'l‘ertullianus
1640 5680 1761 5732 lau-

141 5749 320 5819 datus
350 5747 417 5801 ad
449 5762 587 5802 vers.
624 5749 677 5810 '5,
707 5760 761 5802 et
783 5749 1097 5805 Dracontius
1130 5752 1218 5806 lib.
1254 5767 1292 5819 ι,
1326 5766 1467 5805 vers.
1491 5748 1619 5816 226,
1656 5749 1762 5803 Do-

138 5818 362 5874 minum
392 5834 480 5891 per
508 5829 693 5873 cuncta
719 5828 1016 5888 tonantem;
1044 5833 1099 5879 et
1125 5818 1422 5894 vers."292,
1455 5832 1760 5897 per_cuttt:la

414 5914 690 5983 ΡΑτιιοι..
735 5915 873 5981 LX.
1161 5912 1176 5936 ‘

1871 3194 2063 3254 moras.
2106 3181 2292 3254 Pietas
2318 3181 2521 3254 Latinis
2550 3179 2939 3254 antiquioribus
2967 3179 3281 3254 plerumque
3313 3186 3465 3243 dice-

1871 3252 2030 3306 batur
2064 3254 2239 3327 virtus
2272 3252 2494 3327 iustitiae
2525 3251 2761 3327 propria,
2801 3265 2901 3319 qua
2935 3251 3167 3320 majores
3196 3251 3461 3327 colimus;
3551 3308 3556 3319 .

1871 3332 1962 3377 aut
2005 3325 2165 3379 etiam
2209 3325 2417 3393 religio,
2463 3337 2565 3394 qua
2597 3322 2761 3376 Deum
2793 3336 3134 3394 veneramur.
3161 3322 3464 3386 Ehristiani

1871 3395 2162 3464 scriptores
2190 3411 2290 3464 pro
2315 3392 2622 3460 clementia,
2656 3394 2893 3459 lenitate,
2921 3392 3250 3465 benignitate
3279 3410 3332 3454 et
3362 3402 3464 3457 mi-

1871 3465 2183 3533 sericordia,
2222 3468 2416 3535 passim
2448 3467 2683 3535 pietatem
2713 3475 2952 3535 ponunt:
2986 3479 3103 3535 quae
3134 3484 3238 3523 vox
3266 3471 3460 3528 eodem

1870 3552 2034 3591 sensu
2072 3538 2125 3591 in
2167 3537 2415 3606 precibus
2453 3535 2832 3592 ecclesiasticis
2881 3536 3310 3607 frequentissima
3352 3552 3458 3601 est.

1870 3607 2126 3678 Eamdem
2158 3608 2599 3678 signiﬁcationem
2630 3608 2904 3664 vocabulis
2935 3611 3049 3676 pius
3075 3618 3130 3664 et
3159 3611 3322 3678 pietas
3362 3616 3463 3669 tri-

1870 3677 2039 3755 buunt
2084 3677 2326 3755 nonnulli
2368 3680 2600 3746 ethnici,
2644 3688 2701 3755 ut
2738 3679 3027 3755 Suetonius
3045 3677 3457 3755 ,__Claudianus,

1869 3750 2094 3817 Statius,
2119 3750 2386 3824 lustinus;
2432 3765 2604 3821 neque
2633 3751 2789 3824 aliter
2814 3750 3021 3824 accipio
3054 3752 3329 3824 Virgilium
3362 3750 3458 3813 lib.

1870 3838 1920 3887 ι’,
1945 3836 2081 3892 vers.
2109 3822 2231 3889 687,
2248 3821 2490 3892 luppiter
2512 3822 2852 3891 omnipotens,
2869 3823 2913 3875 si
2938 3821 3167 3877 nondum
3184 3842 3366 3882 exosus
3393 3830 3462 3882 ad

1868 3909 2026 3945 unum
2056 3891 2342 3967 Trojanos,
2364 3891 2545 3964 siquid
2574 3894 2737 3967 pietas
2766 3895 2973 3967 antiqua
3003 3893 3199 3967 labores
3235 3897 3463 3967 Respicit

1868 3967 2151 4027 humanos,
2183 3966 2249 4018 da
2277 3966 2538 4034 flammam
2578 3964 2790 4019 evadere
2819 3965 2990 4019 classi.
3025 3965 3262 4022 Nolanda
3294 3964 3459 4025 etiam

1868 4047 1950 4106 est
1991 4035 2308 4105 signiﬁcatio
2357 4036 2501 4090 vocis
2539 4036 2763 4100 miseris,
2814 4051 2934 4104 qua:
2980 4047 3128 4093 certe
3173 4043 3465 4106 OppOnilul‘

1869 4105 2047 4173 beatis,
2073 4108 2138 4162 de
2163 4123 2268 4174 quo
2296 4107 2511 4162 nomine
2534 4108 2652 4161 vide
2679 4118 2858 4161 notam
2889 4108 2955 4161 ad
2987 4123 3125 4165 vers.
3156 4105 3258 4168 150
3278 4112 3373 4169 lib.
3400 4128 3463 4169 ιι.

1869 4178 2055 4249 εἰσίτω
2088 4181 2136 4232 in
2167 4179 2353 4235 Partit.
2384 4195 2502 4249 cap.
2548 4180 2634 4244 17,
2674 4176 2821 4232 Nihil
2849 4190 2922 4233 est
2952 4182 3087 4233 enint
3117 4191 3219 4235 tant
3251 4185 3466 4239 misera-

1868 4248 1965 4324 bile
1993 4266 2143 4318 quant
2178 4266 2242 4324 ea:
2281 4252 2422 4303 beato
2463 4251 2634 4304 utier.
2690 4249 2797 4324 Sed
2836 4251 3125 4324 Christiani
3169 4255 3430 4324 scriptore

1867 4321 2064 4384 solent,
2101 4331 2155 4374 ut
2189 4320 2434 4393 homines
2465 4331 2678 4376 sanctos
2706 4322 2908 4393 beatos,
2937 4322 3023 4393 _sic
3053 4320 3326 4393 improbos
3356 4328 3427 4381 mi

1790 4410 1795 4415 -
1866 4408 2006 4446 seros
2032 4406 2244 4446 vocare.
2276 4392 2668 4447 Animadvertit
2712 4393 2762 4446 id
2794 4391 3157 4461 Wopkensius
3186 4397 3251 4451 ad
3286 4396 3467 4452 Pauli-

1791 4497 1842 4559 D

1869 4478 1994 4543 num
2028 4462 2611 4543 Petrocorium_lib._tt,
2647 4477 2787 4518 vers.
2816 4464 2940 4543 L95,
2972 4462 3465 4543 Dignqtturjuges,

1871 4534 2169 4588 miserorum
2212 4534 2466 4606 incendia,
2509 4536 2766 4603 flammas.
2822 4534 3075 4606 Ejusdem
3125 4534 3468 4595 Pauliiti'est

1869 4605 1963 4660 lib.
1991 4622 2068 4666 ιιι.
2093 4620 2232 4659 vers.
2251 4604 2520 4669 259,‘Non
2542 4605 2649 4660 lucc
2671 4606 2735 4659 de
2756 4604 2955 4661 miseris
2979 4605 3187 4662 Domini
3214 4614 3467 4666 sententia

1873 4677 2082 4731 Christi.
2116 4677 2206 4732 Sic
2236 4678 2334 4730 viri
2366 4678 2436 4745 pii
2466 4695 2571 4742 prae
2602 4677 2764 4731 animi
2795 4679 3051 4732 modestia
3082 4694 3141 4733 se
3170 4683 3380 4737 miseros
3411 4692 3469 4737 et

1873 4760 2210 4823 peccatores“
2232 4748 2844 4823 prmscribehantaVidc
2872 4748 3200 4820 epitaphium
3240 4753 3468 4823 Eugenii

1874 4819 2114 4874 Toletani
2157 4817 2251 4873 lib.
2294 4835 2331 4884 l,
2363 4835 2529 4875 carm.
2566 4821 2651 4885 H,
2686 4820 2737 4874 in
2769 4835 2875 4890 quo
2907 4817 3089 4890 primm
3124 4817 3468 4882 litterze'ver-

1875 4907 2030 4963 suum
2064 4890 2303 4946 eiliciuut
2336 4891 2617 4963 Eugenius,
2648 4901 2935 4963 postremae
2966 4892 3211 4948 misellus.
3472 4894 3486 4911 "

1949 4962 2035 5015 ιε.
2070 4963 2277 5030 Postea,
2313 4961 2492 5036 lbfn,
2513 4978 2670 5036 ‘vers.
2696 4963 2821 5036 418,
2852 4961 3097 5035 Segregat
3131 4965 3470 5036 Omnipotens

1876 5036 2057 5088 merita
2078 5050 2170 5102 pro
2193 5034 2417 5089 moribus
2444 5033 2598 5089 orbis.
2635 5034 2699 5088 Et
2727 5034 2820 5088 lib.
2851 5033 2936 5101 nt,“
2955 5050 3096 5090 vers.
3125 5035 3250 5105 241,
3286 5033 3469 5096 Vivere

1874 5122 1999 5176 quos
2031 5106 2177 5158 libuit
2203 5108 2294 5159 sub
2328 5105 2419 5158 tali
2449 5107 2648 5160 tramite
2676 5107 2810 5159 vilic.

1949 5179 2033 5232 15.
2072 5178 2173 5232 Pro
2204 5179 2366 5231 scelus
2396 5177 2606 5232 restitui
2646 5178 2785 5231 salus
2818 5192 2836 5232 :
2868 5176 2967 5231 etsi
3009 5178 3150 5232 enim
3195 5180 3369 5236 scelus
3398 5182 3470 5238 ab

1879 5249 2096 5304 homine
2138 5250 2227 5303 liat
2275 5251 2618 5317 permittente
2666 5249 2809 5312 Deo,
2853 5259 2905 5303 et
2954 5249 3040 5303 hic
3087 5262 3472 5309 cnumerentur

1879 5321 2040 5375 etiam
2081 5321 2238 5374 virtus
2277 5331 2329 5374 et
2367 5322 2660 5389 prudentia,
2693 5332 2867 5375 tamen
2896 5320 3057 5375 nimis
3086 5323 3277 5377 durum
3322 5324 3473 5381 vide-

1879 5401 2030 5447 retur
2059 5392 2239 5446 dicere
2270 5394 2448 5446 scelus
2486 5391 2814 5447 descendere
2857 5406 3079 5463 exarce
3107 5392 3229 5458 Dei,
3267 5404 3320 5449 et
3352 5406 3472 5463 post

1871 5465 1976 5517 vita
2008 5473 2365 5532 congruenter
2388 5463 2527 5517 salus
2555 5463 2784 5531 punitur.
2811 5463 2901 5519 Sic
2928 5462 2981 5517 itt
3006 5462 3390 5533 epigrammate
3413 5468 3473 5525 S.

1875 5536 1916 5588 D
1935 5535 2571 5608 imasidetfoguomentis
2593 5534 2890 5591 Salvatoris
2913 5550 3079 5590 carm.
3115 5537 3147 5591 6
3175 5539 3304 5591 edit.
3353 5554 3473 5608 pos~

1877 5617 2060 5661 tremte
2081 5607 2268 5673 liom.,
2298 5606 2882 5675 Spes,via,vita,salus,
2916 5609 3068 5672 ratio,
3097 5606 3374 5677 sapientia,
3396 5611 3473 5663 lu.

1872 5696 1983 5732 men
2003 5695 2020 5733 :
2039 5694 2142 5748 quo
2164 5679 2214 5730 in
2233 5693 2388 5732 versu
2407 5681 2544 5733 male
2567 5682 2618 5732 in
2639 5680 2737 5733 hac
2751 5679 2988 5734 editione
3001 5682 3260 5735 omissum
3277 5692 3355 5736 est
3370 5683 3472 5746 via,

1872 5750 2012 5820 quod
2036 5752 2084 5804 in
2114 5749 2541 5819 praecedentibus
2571 5751 2718 5805 clare
2751 5751 2963 5821 legitur.
2992 5751 3053 5806 111
3105 5752 3312 5806 Damasi
3350 5768 3472 5807 ver.

1873 5836 1963 5880 sus
1989 5823 2088 5880 sub
2126 5822 2339 5881 diverso
2356 5823 2571 5882 nomine
2596 5822 2648 5880 in
2674 5823 2946 5896 nonnullis
2968 5838 3099 5880 mss.
3117 5826 3473 5892 reperiuntur.

3116 5916 3197 5987 22
