3994 6290
508 335 613 393 685

690 453 842 525 121
872 447 1070 513 Taedia,
1098 443 1344 509 tristitia},
1368 439 1636 512 splendor,
1669 438 2006 507 compendia,

1789 529 2083 600 [damnum,

511 637 578 691 15
685 635 904 698 Gaudia,
929 630 1195 695 nobilitas,
1219 628 1410 689 virtus,
1442 622 1740 693 prudentia,
1773 621 1975 682 laudes,

685 728 938 790 Allectus,
957 720 1438 789 interor,gemitus,
1459 729 1760 779 successus,
1784 726 2012 781 egestas,

687 819 767 871 Ira
794 822 1136 885 potestatum,
1164 821 1286 865 trux
1320 806 1610 877 indignatio
1633 819 1838 874 regum,

687 908 876 964 Omnia
917 921 1038 977 qua:
1086 902 1339 970 veniunt,
1385 901 1557 964 bona,
1605 896 1833 967 gaudia,
1879 893 2084 960 tristia,

1737 983 1947 1056 [acerba
1968 1023 1982 1048 ,

686 1089 1027 1145 Descendunt
1052 1101 1116 1142 es
1139 1100 1261 1140 arce
1295 1083 1416 1150 Dei,
1449 1081 1516 1137 de
1543 1082 1670 1136 sede
1700 1078 1981 1140 Tonantis,

515 1183 584 1239 20
694 1183 847 1253 122
868 1177 967 1237 Cui
999 1177 1167 1248 pietas
1206 1183 1403 1230 aeterna
1447 1182 1646 1237 manet,
1695 1173 1806 1230 lux,
1849 1165 2087 1236 spiritus,

1784 1260 1986 1332 [ardor,

1785 316 2150 378 DRACONTII
2187 317 2270 376 CA
2281 314 2516 374 BMINA.

2105 437 2160 497 Α

3666 297 3787 357 088

2375 433 2442 485 Et
2465 428 2549 485 cui
2579 427 2826 482 dicuntur
2851 423 3036 478 Iaudes
3059 423 3177 476 sine
3206 422 3309 475 line
3335 431 3625 488 perennes;

2371 526 2430 579 Et
2467 521 2694 585 merito,
2735 518 2856 589 quia
2906 515 3012 572 line
3053 528 3242 570 carens
3302 511 3603 583 primordia
3646 524 3786 564 nes-

2806 605 2815 614 '
3068 642 3076 649 .
3506 673 3510 676 _
3585 600 3700 673 [cit.

2368 709 2566 763 lterum
2606 715 2766 763 causa
2815 705 2955 760 Deus
2989 709 3185 757 tetrum
3232 699 3397 754 chaos
3443 698 3564 767 igne
3601 697 3790 752 resol-

3484 787 3636 861 [rens
3655 830 3671 849 .

2375 891 2501 960 Igne
2535 897 2713 945 creata
2759 887 2932 952 fovet,
2981 888 3104 940 nam
3157 892 3325 939 totum
3367 881 3579 936 ﬂamma
3609 893 3786 948 vapo-

2408 1000 2412 1004 ·
3264 1005 3276 1012 ν
3496 1032 3504 1042 .
3542 973 3676 1046 im.

2196 1075 2267 1130 25
2380 1067 2448 1130 Et
2476 1074 2702 1129 llammtr
2726 1079 3015 1143 pascuntur
3029 1070 3201 1140 aquis,
3225 1068 3416 1139 quibus
3440 1066 3620 1120 omnia
3653 1079 3785 1148 coti-

3477 1153 3679 1227 istam.

1817 1370 2054 1428 VARIA‘J
2097 1367 2498 1426 LECTIONES.

587 1503 674 1557 1⁵1.
707 1502 852 1566 Vat.,
882 1513 1027 1563 crux,
1056 1496 1360 1566 indignatio.

590 1574 675 1626 18.
706 1565 848 1636 Vat.,
877 1570 1086 1640 gaudia,
1112 1565 1316 1621 tristitia
1346 1565 1452 1618 sed.

587 1644 678 1697 20.
712 1643 853 1705 Vah,
883 1651 937 1693 ut
968 1641 1148 1709 pietas.

2274 1485 2362 1538 21.
2400 1483 2540 1549 Vat.,
2571 1497 2736 1534 arcem
2767 1481 2851 1533 ubi
2880 1479 3142 1533 dicuntur.

2273 1555 2362 1608 21.
2397 1553 2540 1619 Vat.,
2575 1554 2782 1622 ﬂamina
2807 1567 3010 1617 vapore.

2046 1723 2088 1778 N
2097 1723 2277 1781 071E.

591 1849 675 1902 14.
708 1846 908 1914 Conjici
939 1853 1118 1912 posset
1142 1845 1314 1909 ttedia,
1338 1841 1562 1914 tristitia,
1591 1838 1850 1914 splendor,
1880 1838 1962 1914 vel
1985 1839 2086 1893 dis-
2122 1845 2170 1903 B
2199 1858 2322 1896 nunt
2367 1851 2611 1914 estapus
2663 1838 3073 1914 omnipotentis,
3107 1836 3293 1914 Totum
3336 1847 3425 1892 aut
3456 1837 3666 1914 justitia
3690 1846 3784 1914 est,

517 1919 682 1987 tingui
713 1909 866 1970 ta'dia
896 1909 1145 1987 tristitite,
1179 1924 1234 1987 ut
1265 1913 1490 1987 tristitia;
1514 1912 1584 1987 sit
1614 1911 1665 1964 iit
1694 1909 1941 1987 gignendi
1967 1923 2092 1987 casu

442 2035 448 2046 .
516 1979 800 2058 singularis
828 1986 1057 2058 numeri.
1087 1986 1190 2038 Sed
1223 1984 1413 2058 melius
1445 1982 1650 2034 videtur
1671 1980 1888 2058 tristitia;
1909 1979 1958 2032 iu
1981 1980 2094 2058 plu-

515 2051 630 2114 rali
649 2073 890 2112 numero.
942 2056 1140 2110 Eodem
1189 2056 1346 2108 modo
1394 2052 1728 2120 interpunxit
1777 2051 1996 2104 ltiviuus
2041 2051 2093 2104 in

517 2130 798 2196 posteriori
827 2127 1063 2182 carmine
1093 2126 1329 2178 Ratberti
1372 2121 1746 2196 Corbeieusis:
1776 2120 1970 2196 Taedia,
2005 2122 2097 2173 tri-

520 2191 687 2262 stitiw,
720 2213 873 2259 curre,
898 2206 1162 2259 tormenta,
1193 2196 1376 2258 ruinte,
1425 2193 1511 2245 ubi
1551 2192 1834 2245 Balbi-rtus
1867 2191 2097 2262 Dracon-

519 2273 651 2323 tium
679 2261 893 2321 videtur
921 2266 1134 2320 imitari.
1169 2263 1530 2334 Compendium
1555 2263 1766 2334 proprie
1791 2261 2095 2334 estlucrum

522 2355 584 2394 ex
639 2339 982 2406 parcimonia,
1032 2345 1086 2390 ct
1125 2331 1408 2404 opponitur
1436 2333 1752 2406 dispendio;
1800 2331 1893 2406 sed
1926 2331 2010 2386 hic
2045 2341 2100 2385 et

521 2403 650 2462 alibi
678 2425 706 2462 a
755 2406 1035 2461 Dracontio
1070 2407 1292 2473 aliisque
1337 2405 1555 2468 Optimis
1603 2403 1951 2472 scriptoribus
2002 2416 2098 2472 pro

521 2480 761 2548 quolibet
789 2479 936 2530 lucro
966 2487 1018 2531 et
1039 2486 1243 2546 qumstu
1278 2476 1509 2544 ponitur.

599 2550 685 2605 15.
725 2548 931 2603 Laudes
966 2543 1179 2615 proprie
1207 2543 1332 2600 sunt
1361 2544 1705 2615 praeconium,
1751 2543 2098 2615 commenda-

525 2621 601 2673 tio
631 2619 873 2682 virtutis;
909 2614 1000 2671 sed
1033 2614 1348 2685 quandoque
1367 2614 1732 2684 metonymice
1761 2615 1974 2683 ponitur
2001 2614 2099 2668 hoc

523 2690 838 2744 vocabulum
883 2703 977 2754 pro
1018 2700 1162 2741 recte
1199 2688 1370 2747 factis,
1420 2701 1643 2753 quorum
1694 2685 1965 2742 praemium
2022 2694 2102 2738 est

525 2761 659 2814 laus.
701 2759 1186 2827 Frcquentissimns
1229 2767 1309 2810 est
1357 2757 1512 2824 hujus
1546 2755 2100 2827 sigttilicationisgusus

524 2832 576 2882 in
609 2832 777 2882 sacris
828 2825 1040 2890 litteris,
1098 2837 1156 2881 ut
1199 2828 1450 2880 observat.
1499 2826 1754 2879 Martinus
1801 2826 1906 2878 IIoa
1950 2825 2040 2878 lib.
2085 2841 2100 2878 ι

525 2899 751 2966 Singul.,
785 2915 902 2966 cap.
941 2900 1026 2962 15,
1059 2899 1147 2966 qui
1176 2898 1418 2965 exempla
1444 2899 1605 2950 etiam
1635 2911 1704 2950 es
1739 2894 1960 2966 Yirgilio
1980 2910 2102 2964 pro-

523 2963 685 3024 ducit.
739 2963 893 3022 Plura
949 2963 1151 3022 addunt
1199 2963 1556 3035 Iesicographi
1611 2980 1678 3020 es
1726 2963 1992 3020 Cicerone
2039 2981 2103 3020 ac

522 3040 763 3109 probatis
786 3039 906 3092 aliis
931 3037 1304 3107 scriptoribus.
1325 3036 1641 3092 Dracontius
1665 3037 1764 3091 hac
1780 3049 1910 3092 voce
1922 3036 2100 3091 laudes

522 3110 883 3180 metonytnice
911 3109 984 3162 uti
1018 3109 1244 3180 videtur.

597 3177 965 3246 Hild/fectus
1017 3178 1278 3248 signiﬁcat
1331 3177 1625 3248 quemlibet
1672 3187 1873 3231 momm
1937 3177 2100 3232 animi

521 3255 635 3305 sive
665 3251 885 3312 malum,
915 3249 1029 3303 sive
1071 3247 1288 3302 bonum.
1320 3248 1426 3303 Sed
1475 3249 1575 3301 hoc
1605 3247 1723 3300 Ioco
1755 3248 1980 3302 fortasse
2007 3263 2100 3302 su-

523 3323 686 3376 mitur
715 3334 811 3387 pro
839 3319 1018 3386 aliquo
1047 3318 1288 3384 corporis
1331 3320 1548 3382 morbo,
1596 3321 1708 3370 sive
1738 3321 1877 3372 male
1916 3319 2103 3373 aﬂ'ecta

524 3392 844 3450 valetudine.
871 3400 928 3444 ut
954 3389 1092 3456 apud
1122 3389 1336 3442 Celsum
1381 3388 1472 3442 lib.
1504 3403 1581 3449 III.
1613 3403 1731 3453 cap.
1765 3387 1863 3449 18.
1909 3391 2106 3456 Super-

525 3474 641 3514 sunt
670 3477 784 3514 vero
811 3460 901 3514 alii
923 3460 1151 3526 corporis
1178 3457 1411 3524 allectus.
1435 3461 1520 3525 qui
1550 3458 1668 3509 huic
1689 3457 1867 3525 (febri.
1899 3460 1969 3512 al.
2003 3461 2102 3524 Itis,

529 3533 791 3596 febribus)
818 3531 1202 3600 superueniunt;
1248 3539 1304 3584 et
1335 3529 1427 3584 lib.
1468 3544 1524 3590 II,
1556 3543 1671 3595 cap.
1707 3530 1790 3590 15,
1833 3527 1898 3580 In
1924 3530 2104 3596 quibus

529 3600 790 3669 a/fectibus
826 3618 886 3653 ea
921 3616 1120 3670 quoque
1155 3616 1338 3668 genera
1379 3601 1794 3654 exercitationum
1823 3601 2106 3652 necessaria

525 3685 662 3726 sunt.
703 3672 974 3725 Successus
1003 3671 1320 3736 simpliciter
1349 3679 1633 3738 usurpatur
1674 3683 1766 3726 ιιιοο
1795 3682 1988 3723 eventu
2028 3670 2106 3723 fe-

526 3742 610 3796 iici
639 3761 650 3795 :
675 3743 1032 3809 exemplorum
1070 3743 1221 3807 plena
1262 3750 1388 3794 sunt
1435 3741 1623 3794 lexica.
1671 3739 1956 3794 Ratliertns
1999 3742 2100 3794 Ioc.

524 3815 616 3867 t'il.
641 3814 872 3868 adhibuit
899 3827 1046 3866 casus
1075 3814 1126 3865 in
1157 3811 1349 3866 malam
1377 3822 1581 3878 partem
1607 3829 1618 3863 ε
1645 3811 1849 3880 Angor,
1883 3827 2105 3878 pauper-

523 3895 624 3950 tas,
673 3900 873 3949 niaror,
915 3899 1071 3947 mors,
1122 3898 1286 3946 casus,
1348 3897 1559 3950 egestas.
1610 3881 1740 3933 Cum
1794 3882 2105 3935 Dracontius

523 3949 667 4009 hunc
687 3971 898 4008 versum
926 3956 1098 4006 versui
1143 3953 1460 4020 praecedenti
1505 3949 1709 4005 Gaudia
1739 3951 1982 4004 videatur
2005 3968 2102 4019 op-

525 4023 1170 4093 ponere,rec1iusa/fectus
1185 4023 1506 4089 intelligetur
1518 4024 1582 4074 de
1594 4023 1752 4074 animi
1771 4023 2102 4088 aegritudine;

525 4098 619 4148 sed
656 4101 895 4148 remanet
915 4095 1132 4145 dubium
1169 4093 1236 4146 de
1273 4108 1552 4154 successus,
1586 4093 1724 4158 quod
1757 4107 1852 4157 pro
1882 4093 2106 4148 adverso

527 4182 652 4218 casu
694 4179 958 4226 nunquam
994 4164 1096 4214 vidi
1133 4163 1380 4227 positum.
1421 4163 1671 4223 Suspicor
1689 4177 1974 4214 succussus.

602 4236 689 4287 17.
719 4232 1190 4304 Conjiciataliquis
1217 4230 1338 4285 Dira
1367 4243 1666 4304 potestatum
1689 4249 1837 4294 crux,
1870 4233 2107 4304 indigna-

531 4307 598 4357 tio
624 4321 815 4374 regunt.
849 4303 952 4357 Sed
985 4302 1037 4356 itt
1064 4306 1162 4355 huc
1191 4304 1374 4356 codice
1401 4303 1524 4355 alilii
1553 4303 1710 4374 etiam
1742 4302 1999 4356 mutatum
2024 4316 2108 4359 est

529 4387 647 4428 trux
674 4371 725 4427 in
750 4391 892 4437 crux,
927 4385 983 4426 ut
1011 4374 1100 4427 lib.
1133 4388 1167 4425 ll
1188 4413 1202 4433 .
1238 4390 1376 4426 vers.
1419 4374 1552 4428 42-2.
1597 4371 1828 4438 Eripitur
1859 4375 1922 4426 de
1951 4386 2108 4429 morte

529 4446 693 4499 crucis
723 4461 830 4497 sine
858 4445 1065 4496 crimine
1105 4447 1269 4503 visus;
1300 4456 1352 4496 et
1390 4445 1459 4496 lib
1525 4459 1599 4504 Ill,
1631 4460 1768 4498 vers.
1806 4445 1923 4505 106,
1955 4444 2107 4498 Exsi-

529 4517 655 4569 lium
681 4518 786 4568 sine
818 4525 976 4568 morie
1006 4515 1191 4567 crucis.
1234 4513 1523 4580 Utrohique
1563 4515 1727 4581 legant
1764 4527 1925 4567 morte
1955 4519 2102 4569 truci.

534 4588 663 4640 Vide
695 4589 850 4639 etiam
900 4603 964 4637 an
1013 4586 1090 4637 sic
1133 4585 1381 4653 distingui
1424 4586 1590 4654 possit
1619 4582 1752 4652 clra,
1805 4596 2106 4653 potestatum
2134 4589 2188 4650 Ι)

530 4674 676 4720 crux,
706 4658 993 4725 indignatio
1022 4671 1214 4722 regum.

606 4729 690 4780 15.
729 4727 781 4779 In
821 4723 1012 4780 ineudo
1049 4737 1233 4792 aperto
1273 4723 1472 4778 codicis
1513 4728 1774 4781 sententia
1820 4728 1961 4781 clara
2003 4739 2106 4792 ρει,

530 4801 641 4851 si“:
690 4795 834 4865 legas
885 4797 1068 4859 tristia,
1117 4812 1316 4856 amara,
1367 4795 1477 4848 sive
1523 4799 1708 4856 tristia.
1752 4800 1948 4856 acerba.
1991 4800 2111 4854 sive

531 4869 717 4930 tristia,
757 4883 932 4937 prava.
981 4867 1093 4920 sive
1134 4867 1320 4928 tristia,
1359 4882 1510 4918 steva.
1547 4871 1596 4919 In
1623 4869 1799 4928 Elegia
1831 4885 1972 4922 vers.
2022 4871 2107 4931 15.

534 4939 701 4999 Bona,
735 4939 917 5000 tristia,
945 4953 1204 5006 prospera,
1239 4953 1413 5006 prava.
1437 4950 1489 4988 et
1522 4954 1660 4991 vers.
1685 4941 1774 5002 55,
1811 4939 1948 4992 Nam
1976 4940 2108 4992 Dens

532 5012 845 5073 mnnipotens
887 5010 1049 5072 potuit
1076 5047 1090 5068 ,
1150 5009 1272 5058 dum
1320 5007 1552 5060 conderet
1597 5011 1762 5061 orbem
1789 5049 1802 5069 .
1863 5010 2108 5066 Tristibus

533 5081 715 5130 (intotis
745 5079 929 5143 gandia
958 5077 1069 5130 sola
1096 5077 1237 5129 dare.
1272 5079 1336 5130 lit
1367 5079 1457 5130 lib.
1493 5094 1548 5140 II,
1581 5096 1718 5134 vers.
1755 5081 1882 5148 4513,
1925 5080 2111 5135 Dulcia

533 5151 818 5200 subducunt
847 5163 1030 5210 mores,
1062 5158 1106 5198 et
1129 5163 1306 5199 amara
1329 5149 1635 5204 ministrant.

609 5220 694 5272 19.
728 5219 838 5270 Non
888 5219 1028 5272 male
1077 5218 1474 5286 interpungeres
1509 5217 1828 5274 Descendunt
1873 5239 1933 5275 ex
1972 5238 2107 5283 arce,

536 5288 632 5339 Dei
671 5288 733 5338 de
762 5290 876 5341 sede
920 5289 1160 5340 tonantis.
1196 5289 1284 5341 Sic
1323 5290 1410 5341 ιιι».
1449 5305 1505 5349 ιι,
1539 5307 1678 5345 vers.
1710 5293 1841 5353 δυι,
1882 5293 2018 5345 Misit
2048 5295 2112 5345 ab

533 5375 650 5410 urce
679 5360 820 5426 pium
849 5360 958 5411 caeli
981 5374 1069 5425 per
1106 5360 1274 5411 sidera
1302 5358 1587 5423 Christum,
1619 5366 1702 5415 ubi
1740 5380 1836 5416 ara:
1873 5365 2114 5418 aDSqute

536 5446 633 5495 pro
654 5430 791 5482 cudo
817 5431 1047 5497 ponitur,
1077 5443 1196 5482 nam
1227 5433 1335 5482 σειοΙὶ
1366 5431 1593 5484 refertur
1617 5436 1680 5485 ad
1711 5439 1877 5488 sidera
1899 5478 1910 5492 .
1945 5445 1997 5488 ct
2018 5451 2116 5486 ara:

525 5499 751 5621 ‘iroprie
779 5511 857 5554 est
888 5500 1033 5554 locus
1060 5505 1319 5555 e\celsus.
1356 5501 1410 5553 In
1436 5503 1771 5557 distinctione
1793 5521 1918 5558 vero
1952 5521 2110 5572 quam

567 5586 752 5621 canor-
785 5587 845 5621 ex
871 5587 987 5621 arce
1019 5570 1135 5621 Dei-
1164 5573 1227 5621 de
1262 5574 1379 5621 sede
1413 5571 1658 5621 Tonantis
1691 5577 1907 5621 ἰιιίιιΙΙιιιι
1940 5587 2110 5621 unum

567 5586 845 5645 cquor,_ex
871 5587 987 5645 arce
1019 5570 1227 5645 Dei,_de
1262 5574 1379 5626 sede
1413 5571 1658 5627 Tonantis
1690 5577 1907 5645 intelligi
1940 5570 2112 5643 potest

536 5642 1023 5714 operagclementiat
1057 5643 1249 5696 divina:
1279 5659 1344 5697 ex
1382 5659 1503 5697 arce
1548 5648 1660 5710 Dei,
1703 5642 2112 5714 Opera—justiti“:

539 5710 604 5763 de
630 5712 760 5766 sede
787 5710 1044 5766 Tonantis
1081 5715 1421 5767 descendere.
1458 5717 1684 5781 Ιὶιδιιδιιρι·
1724 5710 1856 5770 lianc
1892 5710 2113 5770 senten-

537 5783 661 5838 tiam
681 5785 1048 5854 complectitur
1076 5784 1243 5853 cpigr.
1281 5788 1382 5840 10:
1417 5785 1656 5840 Omnibus
1685 5789 1735 5841 in
1773 5791 1917 5841 rebus
1947 5788 2107 5858 genii-

2129 3209 2176 3273 C

2197 1914 2333 1978 quod
2362 1908 2525 1980 gerit,
2543 1921 2633 1963 aut
2651 1911 2839 1980 pietas.
2875 1908 3001 1973 Qut:
3028 1909 3183 1980 simul
3211 1909 3262 1960 in
3293 1908 3786 1964 terrasdescendunt

2198 1984 2328 2037 lucis
2356 1979 2419 2034 ab
2443 1997 2578 2035 arce.
2613 1979 2662 2034 Ν
2667 1997 2693 2033 e
2715 1982 2950 2046 cuiquam
2970 1980 3105 2046 parti
3127 1979 3256 2032 desit
3279 1989 3550 2048 utrumque
3579 1980 3783 2032 bonum.

2202 2055 2256 2107 In
2287 2054 2523 2107 editione
2563 2051 2860 2106 Pisaurensi
2889 2050 3114 2105 Collect.
3149 2057 3295 2118 poet.
3339 2049 3391 2103 in
3424 2052 3602 2118 primo
3630 2063 3787 2104 versu

2199 2125 2348 2178 deest
2371 2125 2588 2177 verbum
2623 2139 2778 2183 opus.
2821 2129 2876 2176 et
2916 2122 2966 2173 in
3018 2121 3190 2188 primo
3231 2121 3614 2190 epigrammate
3666 2119 3787 2174 Pro-

2203 2194 2346 2262 speri
2374 2194 2591 2247 omnino
2633 2192 3230 2262 desideratur'quartus
3260 2205 3470 2246 versus.
3504 2190 3786 2262 Erroribus

2201 2260 2372 2319 scatet
2396 2279 2455 2318 ea
2485 2265 2677 2327 editio,
2716 2262 2858 2331 quod
2890 2260 3210 2316 monendum
3258 2271 3360 2326 cst,
3399 2270 3456 2314 ιιι
3497 2261 3588 2315 alii
3637 2271 3792 2315 cauto

2203 2351 2264 2389 ea
2296 2343 2534 2397 utantur,
2567 2347 2628 2387 ac
2653 2350 2717 2388 ne
2746 2334 3010 2388 mirentur
3042 2341 3120 2388 tot
3147 2333 3200 2386 in
3227 2331 3499 2388 codicibus
3519 2345 3656 2387 mss.
3680 2345 3791 2385 ma-

2205 2406 2354 2460 culas
2383 2420 2686 2459 occurrere.

2269 2477 2362 2531 20.
2394 2477 2542 2529 Alius
2571 2475 2803 2539 corriget
2827 2475 2939 2540 Qua
2973 2474 3154 2538 pietas,
3187 2482 3239 2528 et
3262 2489 3403 2527 vers.
3439 2487 3589 2542 δρα..
3636 2473 3794 2542 Atque

2202 2547 2288 2600 ubi
2317 2547 2578 2601 dicuntur.
2608 2546 2840 2599 Praelero
2869 2542 2964 2598 Cui
2991 2545 3172 2614 pietas.
3200 2544 3585 2614 Deortribuitnr
3613 2545 3795 2605 ardor,

2203 2627 2263 2670 ut
2292 2619 2485 2682 passim
2517 2617 2567 2669 in
2599 2615 2766 2669 sacris
2793 2613 3012 2670 Litteris
3045 2615 3198 2684 ignis.
3229 2613 3361 2668 Vide
3389 2622 3686 2684 comment.
3728 2614 3807 2681 ad

2205 2681 2552 2740 Prudentium
2603 2687 2784 2758 Itymn.
2838 2685 2904 2740 10
2933 2681 3114 2751 Catii},
3157 2699 3296 2740 vers.
3347 2685 3400 2750 1,
3449 2681 3613 2749 Deus,
3657 2686 3797 2756 ignee

2207 2760 2322 2828 fons
2352 2757 2663 2811 animarum.

2273 2828 2364 2883 9.1.
2399 2829 2511 2882 NOII
2561 2827 2698 2882 mal‘e
2739 2836 2902 2882 esset.
2933 2827 2995 2880 Et
3039 2826 3122 2878 cui
3166 2825 3408 2880 debentur
3453 2825 3667 2891 laudes;
3705 2828 3804 2879 sed

2207 2903 2432 2968 probum
2461 2908 2544 2954 est
2571 2899 2831 2952 dicuntur.
2860 2898 3070 2968 Avitus,
3102 2897 3192 2951 lib.
3225 2911 3307 2960 Iv,
3339 2911 3505 2968 ιιι-ιἐ.Δ
3520 2896 3616 2949 191
3643 2939 3656 2953 .
3693 2898 3800 2949 An-

2204 2963 2399 3041 gelicus
2428 2971 2537 3024 sine
2545 2968 2658 3091 gae
2683 2970 2890 3034 chorus,
2930 2969 3018 3037 qui
3048 2963 3201 3020 laude
3230 2969 3436 3034 perenni
3465 2963 3800 3032 Conclamat,

2205 3041 2516 3091 cetebmtaue
2592 3055 2726 3091 eum.
2765 3039 3080 3091 Dracontius
3110 3038 3200 3091 lib.
3234 3054 3299 3091 ιι.
3329 3051 3474 3091 vers.
3505 3037 3598 3091 73.
3634 3040 3800 3091 Attae-

2205 3037 2516 3118 celebratque
2545 3037 2726 3092 Deum.
2765 3039 3080 3118 Dracontius
3110 3038 3200 3091 lib.
3234 3054 3299 3099 ll,
3329 3051 3474 3118 vers:
3505 3037 3605 3118 73,
3634 3040 3800 3118 Ange-

2204 3111 2304 3164 lico
2353 3112 2416 3164 de
2436 3107 2580 3164 more
2609 3125 2779 3180 preces
2819 3109 2926 3163 sine
2966 3110 3366 3180 ﬁnehcanentes.
3416 3107 3636 3180 Phrasis
3670 3108 3801 3180 haec

2206 3182 2315 3233 sine
2341 3183 2442 3247 ﬁne
2465 3177 2618 3234 valde
2644 3179 2921 3234 familiaris
2949 3187 3032 3235 est
3059 3177 3374 3233 Christianis
3412 3178 3792 3247 scriptoribus,

2209 3259 2264 3304 et
2292 3253 2488 3317 saepius
2517 3252 2747 3305 occurrit
2777 3250 2914 3317 apud
2946 3249 3313 3310 Dracontium,
3341 3259 3398 3302 ut
3423 3249 3516 3303 lib.
3551 3264 3613 3314 ιι,
3650 3265 3794 3303 vers.

2209 3322 2298 3384 8i,
2330 3326 2436 3376 sine
2480 3322 2583 3386 ﬁne
2623 3322 2895 3389 perennis;
2922 3321 3064 3390 quod
3115 3319 3202 3374 alii
3242 3321 3442 3390 dicunt
3472 3320 3624 3374 nullo
3675 3319 3800 3387 ﬁne,

2207 3392 2408 3460 dempto
2442 3393 2560 3459 ﬁne.
2597 3392 2848 3445 Martialis
2897 3389 2988 3446 lib.
3021 3407 3098 3452 Ill,
3143 3405 3230 3454 ep.
3275 3391 3363 3451 46,
3420 3389 3644 3456 Operam
3689 3392 3804 3443 sine

2207 3463 2311 3530 ﬁne
2351 3473 2596 3530 togatam.
2645 3462 2865 3516 Ovidius
2901 3473 2989 3530 ep.
3033 3463 3068 3516 5
3094 3461 3310 3516 Ileroid.
3357 3460 3609 3527 Briseid.,
3653 3476 3801 3518 vers.

2210 3533 2297 3592 15.
2330 3533 2393 3586 At
2414 3535 2666 3602 lacrgmas
2694 3531 2929 3601 sine'ﬁne
2958 3533 3336 3602 dediLrupique
3361 3530 3597 3602 capillos.

2278 3602 2369 3657 22.
2401 3604 2488 3658 Sic
2507 3600 2666 3657 etiam
2708 3600 2857 3657 vers.
2903 3603 3026 3666 501,
3082 3600 3144 3656 Et
3189 3600 3572 3670 ‘nterito,’quia
3616 3611 3804 3670 cuncta

2209 3674 2354 3743 facit.
2391 3675 2576 3728 I’aucis
2615 3672 2794 3725 verbis
2836 3675 3188 3728 :eternitatem
3237 3673 3631 3742 complectitur,
3667 3669 3804 3725 Fine

2208 3760 2386 3798 carens
2415 3745 2696 3809 primordia
2724 3746 2898 3797 nescit.

2278 3815 2370 3867 ‘23.
2402 3815 2649 3868 Fortasse
2679 3815 2870 3868 mellus
2909 3815 3009 3868 rrit
3044 3823 3192 3868 terra?
3219 3813 3379 3866 chaos
3413 3827 3573 3883 quam
3613 3822 3803 3866 tetrum

2208 3887 2381 3938 chaos.
2414 3885 2635 3940 Videtur
2666 3885 2854 3952 aliquis
2885 3899 3069 3940 versus
3103 3886 3188 3939 hic
3230 3884 3453 3946 deesse,
3485 3887 3568 3938 vel
3615 3884 3702 3935 hic.
3748 3893 3805 3935 et

2209 3957 2444 4025 quinque
2478 3957 2563 4009 alii
2607 3966 2892 4024 sequentes
2927 3956 3029 4008 alio
3069 3957 3354 4022 pertinent.
3390 3955 3613 4025 Eorum_
3641 3954 3804 4006 sedes

2209 4023 2314 4079 nun
2343 4023 2483 4089 inopi
2505 4023 2697 4080 ortuna
2724 4035 2868 4080 esset
2903 4035 3022 4094 post
3047 4041 3185 4079 vers.
3223 4025 3321 4077 146
3348 4026 3441 4076 lib.
3474 4039 3512 4090 ι,
3560 4023 3675 4076 Nec
3696 4026 3806 4076 dis-

2208 4108 2346 4150 creta
2371 4095 2702 4165 quident,sed
2738 4112 2830 4148 nec
2872 4099 3120 4164 permixta
3161 4107 3445 4147 morantur.
3494 4095 3606 4148 Dici
3633 4096 3803 4147 etiam

2211 4178 2386 4232 potest
2427 4169 2479 4220 in
2530 4167 2701 4220 laudis
2739 4167 2930 4220 tlivitue
2971 4175 3340 4236 argumentum
3390 4165 3808 4236 c:-njungi_hoc

2209 4237 2331 4291 loco
2359 4239 2686 4291 creationem
2723 4237 2902 4290 mundi
2943 4234 3062 4290 cum
3097 4237 3188 4290 Dei
3228 4237 3550 4290 aeternitate.
3588 4234 3809 4289 Trihuit

2210 4307 2537 4365 Dracontius.
2557 4311 2680 4375 igni,
2711 4309 2851 4375 quod
2884 4307 3024 4360 Deus
3051 4307 3167 4374 ejus
3197 4308 3391 4360 virtute
3414 4316 3610 4360 tetrum
3635 4309 3810 4360 chaos

2211 4382 2514 4442 resolverit,
2549 4379 2712 4445 quod,
2749 4386 2808 4432 ut
2835 4378 3046 4444 Opinor,
3077 4377 3342 4444 intelligit,
3379 4392 3499 4429 cum
3537 4376 3685 4430 Deus
3723 4391 3812 4429 se-

2210 4451 2387 4503 cundo
2408 4451 2497 4503 die
2526 4449 2810 4502 creaiiunis
2842 4449 3020 4502 mundi
3054 4447 3176 4501 fecit
3210 4452 3630 4507 lirmamentum,
3663 4447 3811 4500 divi-

2213 4521 2388 4587 sitque
2416 4535 2581 4588 aquas
2611 4535 2728 4587 qua:
2757 4527 2909 4572 erant
2930 4519 3030 4571 sub
3071 4517 3435 4582 ﬁrmamento,
3472 4517 3540 4569 ab
3570 4519 3654 4570 Itis
3683 4531 3812 4585 qua:

2213 4601 2366 4644 erant
2394 4605 2557 4657 super
2595 4591 3013 4642 ﬁrmamentum.
3060 4588 3199 4658 Ignis
3241 4591 3454 4656 quidem
3502 4591 3678 4640 virtus
3725 4600 3812 4642 est

2213 4661 2426 4728 propria
2449 4662 2658 4713 solvere
2689 4671 2741 4713 et
2766 4661 3059 4714 resolvere.
3105 4659 3304 4724 Expoui
3337 4661 3500 4712 etiam
3537 4658 3590 4710 id
3625 4668 3812 4726 potest

2215 4732 2282 4784 de
2313 4733 2548 4785 tenebris
2581 4731 2772 4794 noctis,
2801 4745 2918 4796 quae
2940 4731 3059 4798 igne
3087 4729 3214 4782 solis
3253 4730 3583 4796 resurgentis
3633 4730 3812 4783 resol-

2217 4812 2430 4860 vuntur,
2458 4801 2595 4866 quod
2624 4815 2688 4854 ex
2718 4800 2962 4853 versibus
2991 4815 3138 4868 si-qq.
3169 4802 3540 4853 continuatur.

2285 4871 2376 4925 Ἡ.
2412 4873 2524 4924 Lib.
2559 4886 2598 4930 I,
2647 4884 2786 4923 vers.
2830 4870 2968 4933 "124,
3006 4870 3103 4934 Qui
3137 4871 3268 4939 fovet
3307 4873 3424 4936 igne
3465 4870 3550 4937 pio
3601 4869 3815 4930 ccelum,

2216 4959 2375 5004 mare,
2400 4944 2590 5003 sidera,
2624 4951 2802 4993 trrras.
2833 4939 2980 5007 Eleg.
3009 4955 3148 4993 vets.
3181 4941 3244 5001 9.,
3275 4940 3376 5004 Qui
3402 4941 3536 5008 regis
3573 4942 3695 5007 igne
3727 4959 3821 5008 ρο.

2216 5017 2344 5078 lum,
2377 5023 2426 5066 et
2474 5028 2614 5065 vers.
2662 5014 2748 5075 8:2,
2782 5013 2848 5065 de
2889 5013 3023 5074 sulc,
3072 5010 3264 5063 Cuncta
3317 5010 3540 5062 creanda
3590 5029 3817 5078 parans,

2216 5098 2396 5136 cuncta
2425 5095 2594 5135 creata
2620 5082 2809 5152 fovens.
2847 5079 3093 5134 Horatius
3135 5082 3223 5132 Iili.
3250 5095 3286 5142 ι,
3320 5083 3478 5152 epist.
3516 5081 3609 5147 16,
3663 5097 3817 5135 vers.

2216 5157 2280 5215 ϐ.
2318 5154 2535 5207 Veniens
2572 5151 2803 5206 dextrum
2851 5155 2985 5204 latus
3027 5153 3239 5221 aspiciat
3275 5153 3374 5214 sol,
3425 5151 3638 5203 Laevum
3661 5157 3818 5204 dece-

2218 5227 2340 5277 dens
2368 5241 2520 5277 curru
2550 5223 2777 5291 fugiente
2807 5232 3031 5286 vaporet.
3071 5225 3140 5275 De
3167 5223 3287 5291 igne
3327 5223 3562 5275 lsidorns
3611 5221 3714 5276 lib.
3753 5237 3821 5274 ιι

2217 5295 2387 5364 Orig.,
2416 5289 2663 5363 cap.'10,
2703 5293 2895 5353 Ferus,
2922 5294 3049 5364 quia
3083 5289 3424 5364 φῶςίϐνατε,
3457 5291 3643 5344 Latine
3680 5296 3824 5363 ignis

2216 5363 2478 5430 es',untle
2493 5368 2644 5433 juxta
2674 5363 2998 5429 philosophos
3018 5363 3262 5427 quasdam
3299 5371 3481 5414 cuncta
3525 5378 3825 5430 procrean-

2220 5427 2320 5488 tur.
2353 5435 2413 5488 Et
2435 5427 2620 5489 revera
2649 5427 2758 5488 sine
2793 5427 2964 5486 calore
3005 5433 3129 5484 nihil
3178 5434 3426 5497 nascitur,
3476 5427 3608 5486 adeo
3659 5445 3720 5485 ut
3765 5439 3829 5485 de

2222 5506 2576 5575 Septentrione
2603 5517 2749 5574 poeta
2774 5506 3065 5570 (Lucanus,
3088 5504 3178 5558 lib.
3210 5505 3284 5573 tv)
3315 5505 3471 5570 dicat,
3508 5505 3699 5557 διε-νηὶ
3725 5520 3831 5556 non

2219 5579 2496 5644 quidquam
2525 5578 2714 5647 frigore
2734 5576 2893 5646 gigni.

2416 5647 2571 5701 Forte
2595 5645 2656 5700 Ἁι
2686 5645 2928 5713 ﬂaminia.
2958 5645 3036 5698 Ad
3073 5645 3206 5698 hanc
3228 5645 3548 5698 sententiam
3577 5654 3834 5709 pertinet

2219 5720 2359 5786 quod
2389 5718 2480 5771 ιιι».
2515 5733 2552 5781 ι,
2583 5732 2725 5771 vers.
2765 5713 2888 5778 675,
2921 5715 2993 5767 ait
3026 5715 3333 5768 Diaei-nitu
3360 5733 3372 5768 :
3408 5715 3571 5786 Cujus
3602 5718 3672 5768 ab
3724 5718 3833 5768 im-

2222 5793 2408 5844 menst
2435 5792 2767 5858 languescunt
2795 5787 2965 5844 sidera
2995 5786 3238 5857 flammis,
3276 5787 3347 5842 Ni
3365 5787 3552 5861 gelidis
3582 5788 3834 5842 animen-
