3994 6290
566 337 665 401 687
964 398 969 405 .
1840 330 2211 395 DRACONTII
2245 324 2579 431 CABtllNA.

2178 453 2236 519 Α
2291 460 2298 465 .

742 453 982 511 Accendit
1011 466 1189 528 uapor,
1213 460 1260 508 et
1285 443 1534 525 paritura!
1557 447 1750 504 uiscera
1770 446 1943 503 mulce.
1988 439 2005 445 ”

571 546 635 603 i5
745 544 856 602 Nec
895 546 1047 602 modo
1078 541 1433 617 quadrupedes
1466 556 1485 597 :
1524 541 1706 597 mulier
1753 554 1869 611 quas
1909 536 2146 611 protulit,

1856 631 2080 706 [horret,

672 776 677 783 .
745 729 816 786 Et
843 738 986 801 pauet
1012 728 1196 801 infelix
1219 729 1369 784 enixa
1395 742 1645 799 puerpera
1670 734 1867 797 partus.

750 821 1071 893 Sic‘peccata
1100 829 1281 893 parant
1306 837 1455 876 casus
1481 821 1674 891 inferre
1698 818 1951 873 sinistros.

2374 424 2407 439 ”
2434 458 2572 531 Quid
2596 454 2723 514 solis
2753 450 2911 520 radii,
2941 448 3069 522 quid
3099 446 3238 504 tunae
3264 441 3487 516 lrigidus
3508 438 3713 497 orbis?
3887 518 3893 523 η

2442 554 2602 629 126
2625 550 2814 608 Nonne
2849 544 3137 617 fatigantur
3161 540 3352 599 dantes
3379 553 3477 612 per
3502 546 3756 684 tempora
3771 536 3855 658 εἰ-

3652 642 3757 684 ana
3775 669 3788 681 .

2445 626 2537 629 —7
2574 626 2577 627 ν
3628 626 3794 702 [gnal

2444 738 2579 795 Nam
2610 743 2836 792 ventura
2856 737 3041 788 monet
3071 742 3167 800 per
3197 733 3276 783 tot
3302 722 3565 797 praesagia
3599 734 3799 777 corvus

2262 836 2332 894 55
2441 831 2717 897 Proditor,
2750 836 2805 885 et
2828 827 2896 884 sit
2928 822 3057 896 quid
3094 829 3215 894 post
3244 831 3487 891 tempora
3529 826 3685 873 certa
3728 813 3856 868 futu-

613 918 617 922 ’
705 902 709 906 ’
752 915 890 983 Quid
907 918 1026 988 jam
1049 923 1311 987 peccantes
1339 913 1441 969 vita
1465 921 1753 967 mereantur
1775 912 1971 978 iniqua,
2600 920 2605 927 '
3222 940 3231 946 .
3647 908 3784 982 [rum

752 1009 1022 1080 Significat
1049 1009 1299 1063 damnans
1329 1006 1551 1061 hominis
1578 1016 1763 1060 natura
1792 1014 2010 1058 reatum.
2297 1025 2301 1029 -
2447 1015 2649 1074 οοτηίχ
2687 1013 2910 1079 egetur;
2963 1007 3199 1083 pecudes
3242 1006 3603 1077 vomu-eaque
3640 1002 3856 1071 ιορυηη.

577 1101 647 1159 50
826 1101 967 1169 Quid
1019 1100 1153 1170 fera,
1207 1101 1334 1172 quid
1388 1099 1644 1171 pecudes,
1692 1098 1819 1168 quid
1872 1109 2162 1171 pgccgvere
3167 1141 3182 1151 .
3665 1091 3794 1163 [tur,

1768 1188 1787 1261 [
1808 1188 2091 1243 volucres?

2448 1197 2602 1269 Quod
2633 1194 2866 1255 hominis
2886 1193 3029 1250 mala
3058 1192 3237 1263 lingua
3288 1196 3450 1254 tacet,
3497 1186 3615 1241 fera
3657 1183 3853 1247 bellua;

757 1286 896 1355 Quid
952 1289 1171 1356 coelum,
1213 1286 1339 1359 quid
1379 1296 1540 1355 terra,
1582 1285 1756 1358 polus,
1798 1284 1924 1354 quid
1972 1291 2167 1352 pontus
2554 1342 2561 1350 ,
3586 1275 3797 1349 [pisces

1803 1374 1897 1448 [ει
1924 1385 2093 1445 θείη.
2455 1381 2795 1453 Prospieiunt
2823 1378 3023 1450 proprii
3050 1377 3265 1449 generis
3291 1388 3514 1432 servare
3543 1372 3764 1443 ﬁguras,

1899 1507 2135 1564 VARUE
2173 1508 2579 1571 LECTIONES.
3510 1522 3535 1561 \

652 1628 747 1685 Η.
776 1628 836 1684 In
858 1626 977 1682 Vat.
1002 1626 1192 1682 desunt
1218 1626 1436 1682 omnino
1465 1625 1645 1681 verba.

652 1699 743 1754 45.
769 1699 913 1766 Vat.,
944 1697 1214 1769 Quomodo
1240 1713 1356 1769 qua:
1377 1695 1656 1769 protulit...

2351 1634 2441 1689 49.
2475 1633 2625 1699 Vat.,
2660 1633 2790 1688 Sian
2818 1642 3086 1687 reatum...

2351 1706 2440 1759 54.
2478 1698 2619 1769 Vat.,
2651 1713 2865 1759 ventura
2892 1712 3053 1757 movet
3084 1717 3173 1771 per
3195 1708 3264 1753 lol
3286 1698 3537 1770 praesagia
3560 1713 3785 1753 somnus.

769 1769 913 1868 Vat.”
1161 1766 1509 1868 iq‘fflijcnen‘iﬁa
1526 1770 1674 1837 pueri
1686 1772 1947 1842 germania
1965 1779 2167 1843 partus.
2198 1805 2249 1868 Β
2470 1766 2615 1868 χιιι..
2647 1776 2883 1868 cornJipes
2913 1782 2957 1868 it
2986 1766 3150 1855 fatur,-
3175 1766 3409 1839 pecudes.

654 1841 747 1895 47.
781 1839 922 1906 Vat.,
954 1837 1044 1910 Sic
1063 1847 1273 1910 peccata
1297 1847 1550 1906 parant...

653 1913 747 1967 48.
776 1910 917 1976 Vat.,
951 1909 1086 1975 Quid
1101 1912 1216 1982 jam
1241 1918 1516 1980 peccata...

2353 1846 2442 1917 57.
2471 1845 2620 1917 Vat.,
2651 1843 2887 1917 quodque
2916 1843 3161 1917 hominis.

2354 1915 2446 1973 58.
2482 1916 2628 1983 Vat.,
2657 1913 2946 1985 despiciunt
2971 1915 3170 1986 proprii
3198 1913 3418 1985 generis.

2097 2030 2330 2090 NOTAE.

589 2144 681 2200 sub
719 2151 890 2197 aratro
917 2139 1153 2195 Piscibus
1203 2139 1436 2208 inventis,
1489 2148 1534 2192 et

590 2213 879 2281 Sollicitus,
932 2222 1175 2282 tanquam
1219 2209 1417 2282 lapides
1453 2209 1689 2276 effuderit
1723 2209 1912 2277 imber,
1952 2218 2057 2268 etc.
2109 2214 2185 2270 Ita

592 2287 754 2341 etiam
784 2282 1106 2356 Claudianus
1127 2281 1219 2356 lib.
1250 2281 1347 2336 tiu
1380 2282 1690 2356 Eutropium
1715 2298 1729 2337 :
1756 2282 2035 2356 Semiferos
2057 2302 2186 2355 par-

594 2368 697 2421 tus,
731 2354 1095 2418 metuendaque
1122 2354 1337 2423 pignora
1362 2353 1536 2423 matri,
1569 2364 1677 2409 etc.

665 2426 757 2482 50.
785 2426 934 2479 Ferze
981 2422 1143 2495 etiam
1180 2432 1305 2495 sunt
1348 2422 1577 2495 pecudes
1605 2442 1619 2479 :
1651 2422 1746 2479 sed
1777 2438 1921 2495 saepe
1949 2425 2092 2482 inter
2123 2442 2186 2483 se

594 2496 1025 2567 distinguuntur,
1058 2503 1115 2548 ut
1138 2493 1185 2547 'a
1210 2493 1460 2549 Lucretio
1489 2494 1580 2549 lib.
1615 2510 1688 2559 tv,
1712 2493 2037 2567 verit—1190,
2068 2496 2183 2552 Nec

594 2565 793 2620 ratione
818 2567 924 2619 alia
946 2566 1193 2636 uolucres,
1226 2575 1459 2618 armenta
1486 2568 1725 2636 ferreque,
1768 2565 1834 2619 Et
1864 2570 2103 2636 pecudes,
2132 2576 2184 2622 et

594 2654 756 2709 equte.
792 2637 1108 2710 DraconLius
1141 2635 1232 2689 lib.
1264 2652 1299 2699 ι,
1325 2651 1465 2710 vers.
1488 2634 1889 2710 284,6ignitur
1916 2654 2067 2710 omne
2092 2656 2183 2710 ge-

964 2862 1028 2921 ι,Δ
1050 2862 1197 2921 vers.
1241 2845 1532 2921 6466,71.”
1574 2848 1787 2921 {rigida
1830 2850 1955 2904 solis
1980 2851 2180 2921 imago.

595 2918 719 3002 Lib:
743 2918 1094 3002 .n,_vers.
1137 2917 1753 3002 Quod-calor_es.t"sotis,
1791 2936 1899 3002 quo
1942 2917 2180 2992 splendet

595 2989 790 3073 frigida
819 2989 959 3044 luna.
994 2987 1063 3044 Ut
1090 2988 1172 3042 sol
1212 2986 1408 3071 ardens
1450 2989 1666 3071 dicitur,
1714 2986 1837 3059 quia
1870 2986 2056 3061 igneus
2086 3003 2182 3046 aut

596 3060 803 3115 calidus
840 3069 944 3125 est,
989 3067 1045 3114 et
1087 3073 1303 3129 proprio
1337 3059 1537 3115 lumine
1584 3060 1892 3130 splendens,
1934 3064 2004 3116 ita
2051 3064 2178 3117 luna

1584 2140 1700 2215 [me
1730 2156 1983 2215 comparo
2030 2144 2189 2215 multa
2295 2146 2379 2202 sui
2405 2146 2603 2215 generis
2623 2145 2803 2199 sortita
2823 2143 3039 2215 ﬁguras.

2405 2146 2603 2217 generis
2623 2145 2803 2199 sortita
2823 2140 3216 2217 ﬁguras.__Quid
3246 2150 3427 2217 autem
3469 2138 3572 2217 sibi
3592 2138 3719 2217 _hoc
3760 2145 3863 2217 loco

2294 2210 2427 2272 velit
2456 2216 2796 2279 Dracontius,
2823 2210 2939 2267 non
2967 2212 3123 2268 facile
3148 2223 3230 2267 est
3260 2211 3537 2266 hariolari.
3592 2210 3759 2264 Potest
3792 2212 3862 2264 in-

2297 2289 2465 2358 telligi
2493 2288 2635 2355 quod
2664 2285 3174 2358 piscesgdespieiunt
3203 2298 3370 2358 genus
3408 2298 3577 2358 suum
3597 2290 3689 2334 aut
3716 2282 3859 2335 vitam

2295 2353 2641 2423 conservare,
2667 2353 2799 2411 dum
2830 2356 3004 2422 t'urpia
3035 2356 3119 2409 vel
3147 2356 3363 2422 propria
3414 2353 3659 2407 membra
3695 2363 3860 2406 contra

2293 2439 2543 2486 naturam
2572 2428 2853 2494 rebellant,
2882 2435 2940 2480 ut
2961 2440 3080 2480 cum
3112 2426 3271 2479 micat
3291 2433 3550 2489 cometes,
3573 2423 3865 2494 quiiuortes

2295 2512 2349 2555 et
2380 2511 2616 2556 monstra
2645 2508 2814 2562 creat,
2839 2492 3036 2550 undam
3065 2495 3233 2550 inlicit
3252 2505 3590 2555 cruore,etc.
3617 2492 3745 2547 Nam
3767 2500 3864 2546 tota

2280 2572 2408 2633 haec
2431 2571 2670 2625 narratio
2696 2568 2941 2625 concludi
2966 2577 3139 2635 potest
3158 2578 3302 2621 vers.
3322 2567 3410 2629 79,
3427 2563 3674 2619 Piscibus
3694 2562 3865 2616 Oceani

2239 2679 2251 2709 χ
2291 2644 2530 2713 proprias
2553 2640 2837 2713 sitientibus
2863 2639 3049 2713 undas.
3080 2638 3186 2692 Sed
3226 2637 3366 2713 apud
3406 2638 3702 2713 scriptores
3736 2644 3869 2688 vete-

595 2706 694 2762 nus
732 2706 1001 2777 pecudum,
1042 2721 1200 2777 genus
1240 2721 1385 2761 omne
1429 2708 1676 2777 ferarum.
1730 2706 1862 2763 Vide
1905 2706 2181 2764 Gil'auium

2290 2708 2548 2767 res'uihil
2597 2712 2810 2766 invenio
2858 2724 2964 2778 quo
3009 2708 3126 2763 hcce
3175 2709 3416 2775 poi-lenta
3461 2709 3859 2778 conﬁrmentur.

2291 2784 2564 2854 Oppianus
2588 2783 2802 2851 quidem
2838 2777 2932 2835 lib.
2963 2796 2980 2833 t
3025 2779 3280 2854 Halieut._
3307 2780 3384 2854 a_i_t
3409 2796 3422 2829 :
3444 2777 3731 2854 _Quoniam
3771 2791 3870 2843 pro:

2291 2847 2410 2907 aliis
2456 2847 2757 2907 Pisculcnta
2796 2867 2982 2920 genera
3028 2866 3209 2904 carum
3259 2847 3464 2919 (alias)
3516 2848 3865 2920 pertimescunt

2298 2940 2441 2979 mare
2466 2921 2690 2978 Furens.
2717 2919 2912 2977 Nescio
2940 2937 3007 2975 an
3040 2921 3090 2974 id
3117 2921 3183 2975 ad
3217 2920 3563 2974 Dracontium
3601 2919 3733 2973 trahi
3764 2934 3873 2984 pos-

2293 2996 2384 3049 sit.
2436 2994 2664 3063 Propius
2701 2994 2764 3046 ad
2799 2993 2956 3062 hujus
2986 2992 3150 3046 verba
3178 2990 3386 3063 accedit
3413 2990 3555 3058 quod
3587 2990 3751 3063 refert
3779 2989 3870 3043 lsi.
3939 2991 3944 2995 ”

2294 3067 2457 3120 dorus
2479 3060 2773 3120 de'Nalura
2796 3060 2906 3118 rer.
2935 3077 3054 3131 cap.
3080 3063 3172 3125 58,
3203 3060 3271 3115 ‘In
3296 3073 3530 3114 austrum
3554 3062 3691 3114 venti
3722 3069 3875 3112 muta-

596 3132 810 3207 frigida,
842 3133 963 3207 quia
988 3125 1247 3207 luuiioea
1275 3130 1387 3185 sole
1407 3125 1838 3207 acceptol'ulget.
1864 3142 1917 3207 et
1933 3134 2179 3207 luitinde
2207 3125 2261 3192 C
2286 3138 2358 3192 tio
2375 3146 2447 3190 est
2468 3153 2581 3190 cum
2603 3135 2856 3207 lulligines
2882 3125 3171 3207 (loli-gines)
3195 3132 3563 3207 hirundinesue
3584 3134 3776 3194 volant,
3792 3140 3874 3207 aut

597 3200 797 3257 ad'nos
817 3201 1014 3256 reﬂexa
1045 3200 1178 3255 nihil
1227 3211 1317 3254 aut
1360 3217 1543 3268 parum
1576 3200 1839 3257 calefacit.
1891 3204 2061 3258 Simili
2096 3220 2183 3258 ra-

598 3276 748 3342 tione
789 3271 1007 3329 Saturni
1028 3270 1207 3342 stella
1256 3272 1454 3342 frigida
1499 3288 1530 3326 a
1562 3272 1785 3342 Virgilio
1823 3272 2019 3329 dicitur
2047 3275 2182 3330 lib.I

600 3338 822 3468 Georg.
852 3357 996 3397 vers.
1027 3340 1152 3409 556,
1179 3338 1267 3396 cui
1295 3338 1557 3399 consonat
1575 3338 1901 3400 Claudianus
1924 3345 1993 3401 de
2012 3345 2182 3402 Laud.

600 3415 720 3468 Stil.
771 3416 842 3468 ib.
870 3428 908 3468 ι.
942 3427 1084 3468 vers.
1114 3413 1238 3467 178.

600 3415 720 3473 Stil.
750 3413 842 3470 lib.
870 3428 908 3480 ι,
942 3427 1084 3468 vers.
1114 3413 1238 3467 178.

670 3486 758 3543 55.
781 3483 996 3558 genas.
1019 3498 1139 3554 cap.
1170 3499 1210 3550 ι,
1258 3498 1401 3558 verst
1434 3484 1521 3556 14,
1551 3484 1671 3542 Sint
1699 3488 1754 3542 in
1786 3488 1933 3558 signa
1973 3495 2023 3542 et
2056 3497 2188 3544 tem-
2216 3480 2219 3485 ’

600 3571 753 3629 pora.
781 3553 917 3629 Vide
946 3554 1037 3609 lib.
1071 3553 1129 3619 ιι,
1163 3569 1306 3609 vers.
1334 3553 1429 3629 11.

673 3627 762 3683 54.
797 3625 902 3707 Pro
925 3640 1156 3707 somnus,
1206 3625 1349 3695 quod
1401 3642 1505 3682 non
1546 3627 1859 3707 p_atitur__hic
1888 3629 2060 3694 locus,
2093 3628 2188 3685 ubi

603 3712 784 3753 sermo
814 3705 899 3751 est
924 3696 991 3751 de
1016 3697 1183 3768 signis
1232 3711 1353 3765 qure
1389 3712 1455 3752 ex
1504 3696 1864 3768 animantibus
1907 3709 2181 3768 petuntur,

600 3769 752 3836 posui
780 3782 981 3822 corvus.
1018 3767 1207 3839 Postea
1235 3781 1379 3821 vers.
1402 3769 1537 3839 _527,
1571 3766 1791 3835 Bucula,
1830 3766 1983 3835 rana,
2012 3786 2187 3839 grues,

601 3841 852 3911 (erotica,
882 3853 1085 3912 corvus,
1114 3837 1690 3912 liirundo,_Prtedicun_t
1714 3841 1935 3912 pluvias,
1964 3837 2057 3896 nec
2068 3844 2192 3912 jam

601 3906 854 3981 praesagia
875 3909 1082 3981 fallunt.
1116 3906 1183 3962 Et
1213 3907 1463 3977 Virgilius
1491 3911 1584 3963 lib.
1613 3906 1868 3981 IGeorg.,
1897 3928 2038 3967 vers.
2057 3906 2190 3974 381.

604 3978 672 4034 Et
699 3997 726 4035 e
753 3978 902 4048 pastu
921 3978 1165 4052 decedens
1184 3983 1386 4052 agmine
1414 3996 1601 4052 magno
1629 3978 1909 4036 Carnorum
1937 3982 2194 4052 increpuit

604 4052 775 4105 densis
805 4051 1053 4103 exercitus
1083 4048 1200 4114 alis,
1224 4048 1378 4117 quod
1415 4048 1599 4103 imbris
1642 4052 1852 4118 signum
1885 4068 2006 4108 e-se
2035 4048 2188 4108 dicit.

675 4121 763 4176 55.
795 4118 1036 4171 Proditor
1059 4130 1140 4173 es‘t
1170 4119 1329 4172 index
1363 4121 1502 4184 apud
1530 4121 1827 4185 Horatium,
1860 4122 2105 4178 Ovidium
2134 4131 2196 4179 et

605 4192 760 4262 alios.
779 4190 895 4262 N_on
918 4188 1057 4242 male
1078 4204 1171 4262 pro
1186 4190 1384 4262 sitquid
1409 4191 1748 4259 lt'gclurquid
1769 4194 1855 4260 sit,
1882 4204 1974 4247 aut
1992 4196 2188 4262 siquid.

677 4260 764 4318 56.
798 4258 1050 4314 Fortasse
1072 4257 1527 4330 Cornicesfannir.
1580 4257 1653 4316 De
1682 4257 1900 4318 cornice
1932 4257 2188 4330 Isidorus,

606 4333 701 4390 lib.
735 4347 807 4387 ιιι
836 4330 1156 4402 0rig.,cap.
1187 4331 1218 4384 7
1244 4348 1257 4382 :
1288 4330 1428 4384 lluic
1454 4334 1585 4385 inter
1619 4335 1781 4388 multa
1824 4338 2053 4402 auspicia
2098 4337 2194 4388 tri-

606 4408 766 4461 buunt
789 4402 946 4473 etiam
979 4401 1176 4471 pluvias
1196 4403 1498 4469 portendere
1522 4404 1747 4473 uocibus,
1772 4407 1906 4459 unde
1923 4401 1999 4460 est
2023 4407 2153 4459 illud
2172 4421 2194 4460 :

606 4475 756 4532 Tunc
777 4472 1130 4546 cornixplcna
1149 4473 1375 4546 pluviam
1403 4483 1557 4546 vocat
1572 4472 1802 4546 improba
1826 4494 1960 4530 voce.
1990 4475 2193 4530 Versus

607 4547 700 4602 hic
730 4555 811 4602 est
841 4540 1044 4616 Virgilii
1071 4542 1161 4596 lib.
1188 4543 1281 4616 cit.
1309 4540 1505 4613 Georg.
1537 4540 1741 4600 Similia
1772 4549 1967 4616 passim
1993 4547 2197 4602 habent

607 4619 696 4673 alii
729 4624 920 4688 poetae.
946 4613 1157 4677 Cicero,
1191 4613 1396 4688 ad‘Att.
1428 4617 1521 4670 lib.
1548 4632 1638 4683 xv,
1672 4613 1882 4685 epflli,
1941 4616 2194 4688 Equidem

607 4685 761 4744 etiam
791 4686 989 4759 pluuias
1015 4693 1201 4759 metuo,
1231 4685 1275 4737 si
1301 4690 1621 4756 prognostica
1664 4698 1839 4742 nostra
1870 4685 2145 4742 vera'sunt
2170 4704 2193 4743 :

606 4775 749 4815 rana:
773 4753 913 4831 enim
940 4753 1322 4831 ῥητορεύουσιν)
1373 4753 1645 4813 rhetorum
1678 4774 1828 4816 more
1867 4759 2189 4826 declamaut,

608 4845 708 4887 seu
736 4827 1120 4884 vociferantur.

682 4901 771 4956 57.
802 4898 946 4967 Lego
971 4897 1121 4972 Quod
1142 4898 1379 4972 hominis,
1402 4914 1532 4972 nam
1564 4899 1869 4970 conjunctio
1910 4918 2007 4972 que
2044 4901 2196 4957 vide-

609 4982 697 5027 tur
722 4973 927 5027 iutrusa
959 4969 1026 5022 ab
1055 4969 1255 5037 aliquo,
1280 4970 1367 5038 qui
1400 4970 1467 5023 ita
1500 4981 1668 5024 metro
1691 4969 1972 5027 consulere
1996 4972 2190 5026 voluit.

611 5043 718 5098 Sed
746 5044 885 5113 quod
899 5038 976 5113 pl)
1003 5039 1386 5113 aspirationem
1415 5043 1686 5110 sequentis
1717 5044 1863 5097 vot'is
1894 5054 2038 5097 recte
2068 5057 2194 5111 pro-

612 5110 849 5168 ducitur.
898 5110 1100 5178 Lingua
1132 5110 1269 5164 mala
1303 5112 1533 5165 hominis
1575 5113 1684 5167 fera
1728 5113 1901 5168 bellua
1954 5110 2193 5169 dicitur:

612 5199 719 5239 non
746 5182 887 5236 enim
920 5192 1049 5250 puto
1078 5181 1505 5251 distinguendum
1536 5198 1655 5237 esse
1684 5193 1833 5238 tacet.
1865 5182 1997 5238 Fera
2024 5185 2197 5239 bellua

613 5256 795 5325 pisces.
829 5252 946 5325 mox
974 5252 1076 5325 hoc
1096 5251 1186 5307 lib.
1203 5268 1253 5318 v,
1280 5268 1419 5309 vers.
1436 5252 1559 5325 487,
1597 5252 1841 5308 Omnibus
1867 5272 1930 5309 ea:
1960 5257 2196 5311 membris

613 5322 735 5394 pars
760 5323 999 5396 mundior
1023 5322 1136 5392 ipsa
1178 5334 1404 5391 putatur,
1458 5322 1632 5396 Noxia
1674 5327 1785 5380 sola
1830 5328 1992 5396 magis
2028 5328 2197 5396 fuerat

613 5409 729 5463 quc
766 5395 818 5448 in
858 5408 1072 5462 corpore
1118 5404 1242 5461 toto,
1293 5405 1396 5451 etc.
1450 5395 1581 5451 Vide
1605 5398 1708 5450 alia
1738 5395 1929 5452 contra,
1963 5395 2197 5453 heminis

489 5524 509 5539 ‘
614 5465 847 5539 linguam
871 5466 1063 5539 mala_m
1096 5465 1187 5521 lib.
1222 5482 1297 5534 ιιι,
1346 5483 1485 5521 vers.
1519 5467 1624 5522 629
1666 5476 1717 5521 cl
1748 5484 1924 5538 seqq.,
1959 5478 2013 5524 et
2044 5469 2193 5539 Eleg.

614 5486 846 5536 linguam
871 5486 1063 5519 ntamm
1096 5486 1187 5521 ιιυ.
1222 5486 1297 5534 III,
1346 5486 1485 5521 vers.
1519 5486 1624 5522 0:3
1666 5486 1717 5521 et
1748 5486 1924 5538 seqq”
1959 5486 2013 5524 et
2044 5486 2136 5523 me
2177 5507 2193 5522 .

614 5551 755 5608 vers.
788 5534 877 5600 41,
912 5546 965 5593 et
993 5534 1337 5591 Prudentium
1370 5540 1554 5608 hymu.
1577 5540 1637 5594 i0
1670 5539 1881 5603 Perist.,
1905 5486 2194 5604 vers.89§,

619 5607 748 5675 Qua:
766 5622 979 5675 corpore
1002 5608 1139 5660 omni
1162 5609 1273 5662 sola
1304 5607 1418 5662 uiuit
1443 5611 1675 5681 nequior.
1711 5610 1967 5679 Linguam
2000 5612 2194 5665 bonam

616 5688 821 5750 partem
853 5681 1105 5744 optimam
1128 5696 1246 5734 esse
1267 5683 1508 5750 corporis
1536 5682 1676 5737 idem
1700 5682 2024 5737 Prudentius
2044 5682 2197 5738 dixe-

614 5759 699 5803 rat
731 5749 833 5803 loc.
865 5750 957 5803 cit.
992 5764 1133 5804 vers.
1168 5751 1290 5807 768.

685 5821 774 5877 58.
805 5821 932 5876 Mar.
961 5819 1145 5877 Victor
1168 5822 1259 5880 lib.
1285 5822 1495 5899 thn.,
1532 5823 1629 5882 Ml
1654 5868 1670 5899 ,
1720 5822 1951 5900 Pignora
1981 5839 2196 5902 quam“

2224 4514 2282 4574 D

2295 3225 2410 3261 cum
2454 3207 2682 3276 delphini
2717 3202 2851 3276 ictos
2891 3202 2944 3258 se
2980 3204 3562 3276 saltibusqostendunt,
3619 3214 3668 3257 et
3710 3202 3875 3276 caudis

2294 3295 2483 3343 aquam
2505 3273 2712 3347 feriunt.
2748 3274 2888 3328 Nam
2910 3291 3107 3343 semper
3133 3274 3253 3329 inde
3274 3285 3448 3347 uentus
3473 3275 3645 3347 oritur
3678 3289 3775 3342 quo
3806 3273 3878 3347 illi

2294 3342 2547 3421 feruntur.
2564 3347 2691 3421 _Nec
2711 3347 2899 3421 mirum
2927 3355 3003 3421 est
3020 3342 3206 3421 "m_uta_
3226 3345 3476 3398 animalia
3522 3345 3755 3397 divinare
3792 3342 3878 3421 sub

2295 3416 2517 3492 gurgite.
2548 3419 2761 3489 Semper
2785 3418 2922 3471 enim
2945 3416 3232 3492 incipientis
3261 3431 3401 3492 aura:
3429 3425 3592 3492 motu_
3624 3430 3773 3492 aqua
3804 3416 3878 3466 in-

2295 3486 2577 3557 clinantur,
2604 3486 2759 3558 quam
2785 3488 3211 3558 permutationem
3240 3503 3339 3539 mai
3352 3487 3395 3540 is
3432 3486 3592 3556 primi
3632 3487 3880 3558 undarum

2295 3505 2577 3557 ctmantur,
2604 3505 2759 3558 quam
2773 3505 3211 3611 [inmutationem
3240 3505 3395 3540 mam
3432 3505 3589 3556 prima
3632 3505 3879 3538 unaarum

2294 3560 2479 3616 incolte
2498 3561 2739 3615 sentiunt.
2807 3568 2957 3629 taque
2984 3567 3185 3627 propter
3206 3558 3450 3626 impetum
3480 3567 3737 3627 pugnant,
3783 3557 3879 3609 sive

2298 3642 2441 3686 metu
2473 3648 2536 3685 ne
2558 3630 2853 3700 deferantur
2869 3631 2920 3681 in
2941 3628 3133 3700 littora,
3152 3629 3254 3700 sive
3275 3640 3482 3700 natura,
3507 3644 3569 3700 ne
3586 3640 3879 3700 auersorunt

2297 3704 2512 3757 cervices
2538 3698 2678 3755 unda
2701 3700 3017 3771 prcecipitet.
3038 3699 3177 3765 Quid
3195 3716 3319 3768 ergo
3343 3700 3366 3753 ?
3398 3698 3649 3764 Delphini
3692 3705 3879 3771 tantum

2300 3776 2431 3827 lianc
2460 3768 2711 3841 iniuriam
2742 3771 2953 3824 timent?
2994 3770 3112 3823 [mo
3153 3780 3200 3824 et
3240 3771 3409 3841 atteri
3450 3772 3640 3841 pisces.
3688 3768 3795 3823 Sed
3833 3768 3881 3819 lsi

2299 3854 2496 3898 tantum
2515 3839 2799 3914 apparent,
2824 3843 2952 3914 quia
2967 3842 3227 3914 exsiliunt.
3254 3839 3482 3914 Quod_Si
3509 3839 3644 3894 velis
3674 3848 3883 3893 senten-

2302 3917 2435 3970 tiam
2468 3924 2521 3969 et
2561 3910 2783 3968 Sensum
2805 3912 3054 3967 concludi
3086 3926 3225 3966 vers.
3255 3912 3343 3973 59,
3392 3910 3589 3965 Contra
3631 3921 3881 3971 naturam,

2299 3996 2435 4052 etc.,
2469 3985 2705 4054 suspicio
2753 3984 2882 4039 oriri
2925 3982 3143 4051 poterit,
3186 3998 3252 4036 an
3277 3983 3347 4037 de
3375 3983 3614 4054 piscium
3647 3982 3884 4054 castitate

2300 4051 2482 4112 sermo
2512 4051 2602 4117 sii,
2628 4054 2695 4110 de
2716 4070 2819 4124 qua
2850 4054 3165 4108 Ambrosius
3197 4054 3289 4107 lib.
3318 4070 3346 4104 v
3372 4051 3880 4124 llexacm.,c_a_p.5:

2301 4127 2436 4180 Tum
2467 4127 2680 4195 deiiique
2699 4120 2849 4194 quam
2877 4141 3005 4193 pura
3035 4134 3081 4177 et
3101 4124 3346 4178 inuiolata
3365 4125 3623 4177 successio
3652 4123 3671 4195 ξ
3701 4120 3885 4175 Nullus

2304 4198 2475 4261 alteri,
2519 4194 2605 4251 sed
2654 4196 2827 4267 generi
2864 4212 2957 4249 suo
3003 4197 3261 4258 miscetur,
3305 4196 3590 4267 thymallus
3621 4194 3881 4267 thymallo,

2304 4268 2459 4336 lupus
2507 4263 2671 4337 lupof
2694 4266 2976 4338 Scorpa'na
3014 4282 3212 4336 quoque
3241 4263 3527 4338 castitatem
3574 4263 3887 4338 immaculati

2304 4340 2542 4393 connubii
2566 4336 2734 4407 generi
2762 4336 2854 4391 suo
2883 4348 3084 4403 servat;
3107 4339 3276 4406 itaque
3304 4337 3451 4390 liabet
3484 4336 3783 4404 pudicitiam
3808 4349 3889 4407 gae

2305 4412 2442 4464 neris
2465 4406 2573 4473 sui,
2596 4410 2682 4463 sed
2704 4424 2947 4462 uenenum
2975 4410 3174 4479 generis
3194 4409 3272 4479 sui
3293 4423 3395 4461 non
3419 4407 3612 4479 liabet:
3638 4423 3737 4460 non
3754 4406 3890 4479 enim

2309 4482 2523 4549 percutit
2550 4496 2832 4550 scorpcena,
2862 4479 2950 4533 sed
2977 4476 3162 4547 reﬁcit.
3216 4477 3469 4532 Nesciunt
3513 4478 3677 4548 igitur
3711 4476 3886 4550 alieni-

2306 4566 2550 4619 genarum
2610 4548 2793 4618 ge'nera
2846 4550 3062 4620 piscium
3101 4549 3395 4603 adulterina
3436 4549 3712 4619 contagia,
3766 4548 3892 4600 sicut

2305 4632 2423 4676 sunt
2457 4638 2517 4675 ea
2558 4637 2669 4690 qua:
2709 4628 2892 4675 coeunt
2939 4620 3222 4690 asinorum,
3276 4631 3410 4685 εις..
3458 4634 3577 4690 qua:
3619 4628 3738 4672 sunt
3782 4632 3891 4669 cera

2305 4693 2566 4746 adulteria
2609 4704 2873 4745 naturae...
2932 4689 2996 4744 Et
3033 4691 3181 4744 homo
3220 4690 3320 4744 ista
3360 4699 3610 4761 precuras
3650 4691 3892 4761 interpres

2306 4764 2546 4816 adulterii
2563 4762 3243 4835 jumentalis...spadonem
3264 4758 3439 4835 eﬂicis,
3464 4772 3523 4835 u_t
3540 4763 3683 4835 quod
3704 4758 3893 4835 negarit

2307 4844 2496 4888 natura
2519 4831 2577 4887 in
2595 4832 2902 4897 hominibus,
2935 4834 3168 4901 impleret
3193 4834 3435 4890 audacia.
3485 4831 3569 4886 Ex
3611 4832 3699 4886 his
3728 4831 3891 4899 aliqua

2308 4906 2590 4960 commoda
2615 4904 2984 4973 interpretatio
3006 4918 3256 4957 versuum
3274 4903 3547 4958 Dracontii
3564 4904 3686 4957 erui
3705 4910 3893 4970 potest,

2307 4977 2353 5030 si
2384 4986 2561 5030 tamen
2594 4976 2803 5045 legatur
2831 4975 3147 5042 prospiciunt
3187 4988 3285 5043 pro
3326 4974 3643 5045 despiciunt.
3696 4974 3889 5028 Adver-

2310 5048 2527 5101 tendum
2560 5056 2643 5101 est
2672 5056 2847 5099 autem
2879 5060 2983 5099 nou
3015 5059 3135 5100 eese
3172 5053 3509 5114 perpetuam,
3558 5054 3617 5101 et
3661 5057 3895 5099 commu-

2306 5132 2431 5172 nem
2472 5118 2773 5172 castitatem
2807 5116 2950 5169 illam
2989 5116 3214 5183 piscium
3253 5131 3415 5186 quam
3452 5119 3530 5170 ait
3558 5115 3892 5178 Ambrosius,

2305 5199 2367 5242 ut
2391 5188 2642 5243 observat
2673 5187 2900 5241 Basilius
2934 5186 3085 5243 hom.
3112 5187 3145 5239 7
3182 5186 3466 5251 Hexaem.,
3496 5186 3608 5256 Qqui
3653 5198 3898 5240 muraena:

2305 5259 2612 5327 viperaaque
2636 5258 2971 5327 complexum
2999 5266 3154 5311 vocat
3181 5256 3495 5311 adulterium
3517 5257 3786 5328 quoddam
3808 5272 3897 5309 na-

2308 5338 2457 5385 tunc.
2489 5330 2567 5384 Ex
2598 5329 2787 5385 eodem
2822 5327 3018 5383 Basilio
3044 5328 3247 5383 certior
3276 5328 3379 5382 alia
3421 5327 3724 5398 explicatio
3772 5328 3895 5381 Dra-

2308 5403 2472 5455 contii
2497 5400 2862 5469 expromitur:
2897 5400 2977 5453 sic
3006 5399 3150 5453 enim
3178 5401 3250 5455 ait
3286 5399 3391 5453 loc.
3430 5402 3523 5453 cit.
3564 5414 3580 5453 :
3634 5399 3699 5454 Si
3745 5399 3897 5450 ratio.

2309 5472 2388 5526 nis
2427 5472 2655 5543 expertia
2709 5472 2998 5543 excogitare
3030 5485 3449 5543 ,conservareque
3487 5469 3718 5524 salutem
3759 5483 3899 5543 suam

2308 5539 2533 5606 soleant,
2578 5553 2727 5609 atque
2781 5539 2934 5613 piscis
2982 5541 3037 5594 id
3079 5541 3207 5613 sciat
3263 5541 3391 5613 quid
3442 5543 3794 5610 expetendum
3845 5539 3903 5592 sit

2308 5614 2427 5677 sibi,
2475 5613 2598 5683 quid
2620 5614 2946 5685 fugiendum,
2987 5612 3111 5683 quid
3138 5628 3228 5685 nos
3276 5612 3378 5681 ipsi
3402 5613 3715 5685 dixerimus,
3755 5613 3905 5685 qui...

2307 5700 2392 5738 res
2420 5702 2503 5739 eas
2525 5683 2641 5755 qua:
2660 5685 2726 5738 ad
2754 5700 2847 5737 nos
2873 5687 3147 5754 pertinent,
3179 5683 3328 5753 longe
3355 5684 3538 5755 rudius
3563 5695 3616 5738 et
3646 5700 3680 5736 a
3706 5684 3906 5755 ratione

2309 5756 2523 5809 alienius
2538 5753 2697 5825 quam
2718 5755 2820 5824 ipsi
2848 5753 3007 5826 pisces
3034 5754 3396 5826 disponimus?
3429 5755 3474 5809 si
3497 5754 3581 5808 illi
3604 5756 3818 5824 quidem
3850 5753 3909 5805 de

2311 5829 2489 5903 futuro
2510 5827 2825 5906 prospiciunt
2845 5835 2996 5903 atque
3015 5825 3342 5907 provideant,
3373 5842 3466 5893 tm
3510 5835 3686 5889 autem
3727 5828 3799 5891 de
3824 5838 3913 5903 sps
