3994 6290
102 407 206 472 689

283 513 438 588 127
484 491 975 567 Contra-naturam
1023 501 1148 558 dum
1199 501 1372 570 turpia
1433 497 1672 555 membra
1703 501 1759 560 Α

1303 591 1606 665 [rebellant.

105 705 169 757 60
345 696 463 751 1am
507 693 668 748 micat
696 689 834 745 unde
858 688 979 759 polo
1005 686 1226 742 veniens
1257 687 1677 772 quicunqueﬁco-

1373 776 1393 850 [
1417 775 1605 841 metes,

278 882 414 936 Hinc
439 885 638 933 mortes
649 885 702 931 et
716 881 954 930 monstra
969 871 1265 937 creat,hinc
1280 869 1418 924 unda
1435 883 1680 924 cruorem

284 973 444 1044 128
477 969 668 1031 lnllcit,
697 975 751 1021 et
772 964 975 1034 spumis
994 927 1532 1018 rubicundioralveus
1548 959 1677 1024 exit,

57 1077 65 1107 ί
97 1087 134 1121 ν
159 1087 192 1117 ν
216 1075 256 1113 /
280 1064 418 1118 Hinc
447 1061 648 1117 calidas
668 1058 803 1129 pluit
825 1057 997 1113 imber
1016 1070 1204 1126 aquas,
1221 1063 1276 1110 et
1295 1053 1507 1108 roscida
1528 1051 1686 1108 tellus

281 1153 552 1224 Sanguine
578 1150 830 1224 pytjgeas
857 1148 1018 1219 spicis
1046 1146 1297 1218 producit
1325 1145 1541 1220 aristas,

594 1214 768 1229 ήκω-ς

110 1249 176 1302 65
285 1245 355 1300 Et
383 1243 521 1299 viola
550 1252 632 1298 est
658 1239 882 1297 mentita
906 1253 1085 1296 rosam
1107 1237 1311 1309 pallore
1340 1235 1541 1307 fugato,

342 1333 550 1391 crubor
571 1331 750 1390 infelix
771 1339 827 1388 ot
852 1329 1081 1388 candida
1109 1329 1216 1386 lilia
1249 1327 1424 1384 tinxit.

181 1609 271 1664 60.
293 1607 438 1672 Vat.,
463 1619 582 1660 nam
603 1603 774 1658 micat.

180 1681 270 1734 61.
302 1678 445 1743 Vat.,
478 1677 596 1730 hinc
624 1681 806 1729 mortes
827 1681 870 1726 et
894 1680 1117 1726 monstra
1141 1680 1335 1730 creant.

181 1751 268 1803 66.
303 1747 446 1812 Vat.,
468 1762 528 1800 ac
557 1744 705 1798 ruber
734 1744 935 1813 infelix.

180 1821 272 1874 67.
307 1818 362 1872 In
386 1816 506 1872 Vat.
538 1815 681 1884 prius
709 1812 921 1870 videtur
948 1812 1113 1870 fuisse
1141 1812 1332 1867 hiatus.
1391 1867 1399 1876 ,

1309 383 1596 445 CARMEN
1633 379 1723 442 DE
1762 381 1920 441 DEO.
1961 381 2101 443 LIB.
2141 383 2182 442 1.

1962 497 2142 576 Tertia
2171 489 2291 573 suis
2319 495 2467 554 erebi
2491 505 2646 554 terra
2671 487 2980 571 pracrumpit
3005 498 3233 570 hiatum,

1970 590 2037 644 Et
2064 590 2219 645 discit.
2247 590 2488 660 perferre
2518 590 2682 656 diem,
2711 592 2912 648 violare
2939 606 3189 649 serenum

1971 679 2163 746 Audet,
2199 687 2253 735 et
2279 695 2574 751 exsangues
2601 681 2738 736 caelo
2765 682 3058 750 producere
3088 699 3292 751 manes,

1797 770 1866 827 70
1984 772 2140 843 129
2160 770 2341 826 Vivida
2373 770 2604 827 funereis
2628 772 2929 829 admiscens
2954 790 3048 830 ora
3073 777 3296 846 sepultis

1977 864 2260 930 Pestibus,
2303 863 2592 920 Herculeos
2632 865 2830 920 mundo
2863 867 3082 922 mentita
3126 865 3365 934 furores;

1881 948 1890 956 “
1978 957 2110 1014 Cum
2141 958 2292 1029 niger
2323 957 2629 1013 umbrarum
2660 959 2878 1015 veniens
2899 961 3162 1016 exercitus
3182 961 3369 1018 orbem

1966 1050 2207 1121 Appetit,
2239 1049 2495 1106 invadens
2531 1065 2634 1106 non
2676 1049 2890 1106 humida
2932 1059 3171 1122 tempora
3202 1051 3365 1109 lunai.

1967 1141 2222 1198 Auditum
2248 1141 2454 1214 mugire
2479 1141 2674 1207 solum,
2707 1141 2942 1213 solisque
2979 1144 3228 1200 tenebras

1791 1235 1862 1291 75
1972 1235 2101 1304 Quis
2131 1242 2310 1305 neget,
2342 1243 2396 1290 et
2418 1233 2601 1289 stellas
2633 1232 2807 1290 alieno
2836 1241 3077 1304 tempore
3105 1235 3271 1304 visas,

1967 1324 2268 1382 Caeruleum
2297 1325 2503 1397 pallore
2527 1325 2688 1395 diem,
2717 1337 2999 1383 roseumve
3024 1324 3228 1394 colore,

1415 1459 1650 1518 VAle
1689 1457 2085 1522 LECTIONES.

1861 1602 1949 1656 72.
1981 1603 2130 1672 Vat.,
2162 1602 2406 1657 exercitus
2437 1601 2575 1658 orbe.

1862 1674 1952 1728 74.
1981 1674 2122 1740 Vat.,
2147 1674 2356 1726 auditur
2380 1674 2592 1741 mugire.
2963 1691 3002 1717 κ

1862 1744 1952 1800 75.
1986 1745 2128 1809 Vat.,
2160 1753 2382 1814 tempore
2407 1745 2560 1797 visas.

1712 1811 1763 1873 B
1859 1816 1947 1871 76.
1982 1815 2124 1882 Vat.,
2155 1811 2415 1869 roseumve
2438 1815 2674 1869 colorem.

1639 1974 1866 2033 NOTIE.

119 2119 414 2186 futurarum
437 2129 606 2170 rerum
635 2111 780 2186 uacui
811 2111 966 2166 vitam
1011 2120 1236 2186 nostram
1260 2108 1510 2179 voluptati
1539 2125 1694 2186 pecu:

123 2181 238 2242 dum
251 2187 646 2242 accommodata:
657 2184 878 2246 deditam
898 2181 1227 2247 eonﬁciamus
1241 2197 1298 2233 ac
1313 2183 1696 2236 consumamus?

125 2260 375 2313 Basiliunt
417 2256 657 2326 sequitur
694 2252 885 2325 Glycas
928 2252 1293 2326 librtnAimal.
1335 2253 1422 2304 die
1451 2252 1504 2306 5.
1543 2252 1694 2307 Adde

123 2330 349 2384 Plinium
378 2329 470 2383 lib.
494 2320 565 2391 ix,
591 2339 708 2393 cap.
742 2320 826 2386 f9,
861 2333 993 2378 sect.
1028 2324 1096 2378 55
1122 2340 1135 2378 :
1170 2320 1437 2391 Intstagna
1459 2331 1504 2374 et
1521 2338 1694 2375 amnes

123 2398 421 2454 transeundi
460 2395 1030 2470 plerisquelpiscibus)
1066 2393 1274 2470 euidens.
1312 2393 1445 2470 ratio
1490 2401 1586 2470 est,
1638 2403 1694 2445 ut

122 2480 254 2524 tutos
280 2473 411 2539 fetus
441 2462 638 2534 edant,
656 2462 905 2539 quia—non
933 2462 1035 2518 sint
1058 2465 1232 2539 ibiqui
1260 2463 1350 2539 (a_|.
1381 2462 1514 2532 quae)
1536 2463 1691 2539 dero-

123 2552 228 2594 rent
260 2534 463 2611 partus,
501 2541 782 2608 fluctusque
817 2537 981 2611 minus
1017 2537 1249 2611 swviant.
1298 2534 1492 2611 Legam
1535 2535 1693 2611 igitur

125 2603 460 2682 prospiciunt,
488 2603 542 2664 et
569 2603 858 2682 postvvers.
878 2606 976 2668 60;
1001 2604 1119 2658 lam
1142 2605 1319 2682 niicat,
1339 2603 1573 2682 velTum
1598 2607 1694 2656 mi-

125 2673 198 2736 cat
227 2673 330 2751 pro
359 2673 495 2733 Nam
518 2673 695 2751 micat.
720 2679 1012 2751 Est‘autem
1036 2674 1289 2751 prospicio
1307 2673 1545 2751 ltpcloco
1567 2691 1691 2751 pro-

125 2745 286 2816 rideb,
322 2760 379 2806 ut
418 2751 556 2820 apud
585 2749 793 2803 Livium
821 2747 912 2801 lib.
939 2761 1012 2812 tv,
1042 2760 1160 2820 cap.
1184 2746 1275 2812 49,
1317 2745 1542 2820 Quivos
1570 2745 1696 2799 urbe

126 2824 362 2892 agrisque
383 2815 597 2874 donatos
636 2821 692 2872 in
710 2823 947 2892 colonias
986 2815 1329 2892 mittunt,_qui
1355 2816 1521 2892 sedem
1547 2832 1692 2892 sene-

127 2886 250 2945 eiuti
275 2886 458 2946 'vestra:
497 2891 830 2961 prospiciunt.
872 2889 975 2943 Pro
998 2887 1303 2943 accusativo
1333 2887 1548 2954 ponitur
1571 2886 1692 2940 iulio

134 2964 219 3017 niti
228 2978 329 3016 vus
359 2978 574 3016 servare.

193 3033 283 3088 59.
309 3032 439 3087 Vide
462 3047 528 3086 an
560 3046 654 3100 pro
683 3030 857 3099 turpia
882 3028 985 3098 legi
1014 3027 1205 3082 debeat
1238 3025 1698 3100 prapria._Sensus

133 3118 243 3159 esse
273 3113 453 3173 potest
483 3097 623 3173 quod
656 3097 898 3156 homines
929 3097 1111 3171 contra
1140 3109 1381 3152 naturain
1413 3097 1693 3173 rebellant,

135 3175 252 3227 dum
273 3168 290 3173 ’
314 3168 681 3243 pisces'suum
715 3187 881 3241 genus
921 3168 1239 3243 conservare
1283 3179 1526 3236 satagunt
1569 3185 1580 3219 :
1613 3168 1697 3243 vel

134 3245 265 3312 quod
287 3240 460 3313 pisces
482 3245 580 3298 sibi
616 3240 947 3313 prospiciunt
981 3241 1105 3294 dum
1128 3248 1296 3313 maret
1324 3243 1583 3313 urbatur;
1615 3240 1701 3293 vel

135 3310 265 3382 quod
287 3310 484 3384 ipisces
512 3310 783 3383 negliguut
810 3313 887 3383 (si
913 3312 1115 3380 legatur
1145 3310 1450 3379 despiciunt)
1476 3323 1702 3384 conser-

143 3381 261 3440 vare
287 3381 462 3454 genus
487 3381 675 3450 suum,
706 3381 832 3437 dum
865 3393 1050 3454 natura
1081 3391 1448 3436 commovetur
1476 3381 1559 3434 his
1581 3394 1706 3449 pro-

134 3457 282 3525 digiis
300 3453 429 3524 quae
451 3455 688 3510 versibus
708 3469 856 3523 seqq.
882 3453 1200 3525 referuntur.

197 3519 288 3582 60.
328 3519 443 3580 Dixi
476 3527 630 3578 modo
654 3519 908 3593 praestare
935 3525 1108 3587 legere
1131 3523 1250 3576 Jam
1271 3522 1420 3574 micat
1445 3535 1540 3590 pro
1565 3519 1704 3574 Nam

135 3599 302 3650 micat.
335 3600 486 3663 Saepe
509 3596 560 3650 in
587 3613 714 3649 mss.
742 3594 1138 3648 confunduntur
1166 3602 1269 3646 tam
1296 3593 1493 3663 etjam,
1529 3600 1582 3645 et
1601 3600 1705 3643 tam

136 3679 184 3721 et
205 3680 346 3730 tum;
380 3683 549 3733 neque
586 3666 836 3718 abhorret
867 3667 931 3715 ab
960 3664 1058 3716 hoc
1088 3665 1204 3715 Ιοευ
1235 3674 1360 3733 tum.

197 3739 290 3792 61.
323 3729 425 3790 Pro
447 3729 620 3789 creant
651 3735 734 3787 vel
755 3745 910 3795 creat,
940 3742 997 3785 ut
1017 3733 1249 3798 correxi,
1272 3732 1495 3786 fortasse
1511 3729 1705 3786 melius

137 3810 232 3861 erit
257 3818 433 3861 ruunt.
470 3807 595 3860 llaec
634 3804 730 3857 fuit
761 3813 995 3856 veterum
1025 3802 1205 3868 Opinio
1235 3805 1299 3856 de
1325 3801 1565 3854 cometis.
1610 3801 1706 3855 Se-

138 3893 282 3941 neca,
315 3879 500 3931 Natnr.
527 3884 716 3944 quaest.
750 3873 842 3927 lib.
871 3889 961 3937 VII,
993 3886 1110 3939 cap.
1137 3872 1221 3936 l7,
1251 3871 1462 3944 Cruenti
1488 3872 1698 3944 quidam

137 3946 403 4012 (Cometa?)
431 3943 784 4012 niinaces,qu_i
809 3959 952 3995 onten
995 3955 1106 4009 post
1145 3958 1197 3995 se
1238 3943 1396 4010 futuri
1435 3943 1704 4012 sanguinis

139 4019 322 4086 ferunt.
349 4017 609 4070 Putabant
656 4023 914 4086 cometam
941 4013 1098 4086 bella,
1128 4013 1474 4086 pestilentias,
1500 4014 1706 4086 aliaque

141 4081 273 4141 inala
302 4087 642 4154 portendere,
667 4099 783 4154 qua:
807 4083 1053 4138 Manilius
1070 4081 1308 4137 recenset
1333 4088 1382 4136 in
1409 4085 1512 4154 line
1541 4081 1632 4136 lib.
1657 4098 1702 4135 ιε

141 4159 238 4212 Seu
276 4156 422 4210 Deus
453 4157 682 4208 instantis
715 4155 808 4222 fati
847 4156 1198 4222 iniuratus-in
1240 4155 1404 4206 orbem
1433 4153 1594 4220 Signa
1617 4169 1706 4222 per

140 4228 366 4294 effectus,
417 4228 620 4294 caelique
660 4225 896 4276 incendia
935 4224 1106 4276 mittit.
1152 4223 1430 4292 Nunquam
1475 4223 1705 4294 futilibus

140 4293 414 4350 excanduit
445 4293 644 4366 ignibus
685 4294 861 4366 aether,
893 4295 1360 4366 etc.__Dracontius
1407 4293 1704 4366 reculiaria

141 4369 381 4433 quaedam
427 4362 660 4419 monstra
700 4365 951 4432 explicat.
1003 4362 1255 4432 Virgilius
1299 4368 1348 4417 in
1399 4364 1504 4417 line
1548 4364 1640 4415 lib.
1688 4380 1704 4418 ι

139 4437 380 4506 Georg.:
433 4436 538 4488 Nec
579 4437 1081 4506 temporeeodent...
1146 4438 1245 4486 Aut
1290 4435 1451 4501 puteis
1496 4449 1706 4486 manare

141 4505 584 4560 cruorcessavit...
614 4522 704 4558 nec
720 4505 818 4556 diri
840 4507 981 4557 toties
1001 4519 1169 4556 arsere
1195 4515 1419 4557 cometaz.

203 4579 297 4632 63.
337 4577 582 4642 Virgilius
628 4576 720 4628 lib.
764 4590 815 4639 ν,
859 4589 1000 4628 vers.
1042 4575 1176 4637 695,
1221 4573 1341 4626 liuit
1383 4575 1565 4627 aethere
1602 4582 1705 4627 toto

142 4647 400 4702 Turbidus
437 4648 592 4698 imber
613 4660 842 4714 aquam;
876 4645 963 4697 alti
1006 4644 1203 4697 habent
1237 4661 1388 4714 aqua.
1437 4643 1540 4697 Sed
1588 4646 1705 4712 pluo

142 4734 256 4772 cum
284 4719 589 4771 accusativo
620 4713 843 4784 probum
872 4724 972 4768 est.
1007 4715 1082 4768 De
1105 4715 1421 4781 prodigiosis
1450 4713 1708 4768 imbribus

142 4789 367 4844 Cicet‘OI
400 4788 465 4839 de
496 4786 692 4851 Divin.,
737 4799 853 4852 cap.
887 4785 990 4837 45:
1025 4786 1160 4850 Quid
1200 4795 1338 4837 ortus
1377 4785 1709 4852 andmggni?

143 4876 308 4912 nonne
329 4859 490 4926 fatale
505 4857 760 4926 quoddam
783 4865 1063 4926 monstrum
1088 4855 1226 4924 fuit?
1272 4855 1405 4921 Quid
1443 4856 1709 4926 quodq/lu-

143 4932 244 4982 eius
268 4925 468 4980 atratus
490 4927 732 4996 sanguine
752 4925 942 4994 ﬂuxit?
985 4925 1122 4987 Quid
1147 4941 1260 4996 cum
1300 4941 1430 4993 strpe
1459 4925 1706 4990 lapidum,

143 4999 406 5067 sanguinis
427 5012 810 5064 nonnunquam,
827 5005 974 5067 terra;
994 4995 1265 5067 interdum,
1286 4997 1541 5064 quondam
1561 4996 1710 5046 etiam

144 5065 290 5121 lactis
317 5067 477 5120 imber
498 5067 721 5136 efﬂuxit?
751 5067 930 5119 Livius
959 5065 1071 5136 haec
1105 5066 1336 5131 prodigia
1372 5069 1714 5136 passim_me_-

143 5147 338 5192 morat.
372 5133 576 5190 Plinius
617 5133 709 5189 lib.
748 5153 812 5201 ιι,
853 5151 967 5202 cap.
1004 5133 1092 5198 56,
1132 5137 1307 5190 curuis
1336 5136 1516 5200 etiam,
1563 5134 1708 5197 ferri,

143 5211 297 5268 laure,
333 5210 558 5260 laterum
590 5214 860 5259 coctorum
906 5205 1137 5272 pluviam
1181 5204 1364 5258 refert.
1398 5204 1713 5258 Dracontius

143 5280 344 5333 calidas
383 5291 548 5344 aquas
572 5276 779 5328 videtur
811 5275 1104 5343 intelligere
1149 5277 1379 5342 pluviam
1408 5274 1710 5342 sanguinis:

143 5366 265 5403 nam
311 5349 478 5410 addit,
528 5347 748 5399 Roscida
779 5348 926 5416 tellus
954 5345 1220 5416 sanguine,
1264 5346 1715 5416 scilicethmnore

143 5420 437 5488 sanguineo
467 5417 695 5484 perfusa.
731 5415 976 5488 Virgilius
999 5413 1086 5488 liii.
1119 5431 1212 5488 v_t_t.
1257 5430 1398 5488 vers.
1431 5415 1553 5476 685.
1577 5413 1716 5468 Geli-

142 5484 365 5558 dunique
385 5489 653 5551 Anienem,
691 5495 735 5540 et
762 5487 964 5538 roscida
990 5487 1107 5538 rivis
1128 5484 1353 5558 Hernica
1378 5500 1496 5537 saxa
1519 5490 1713 5558 colunt.

214 5555 307 5614 65.
339 5558 455 5611 Non
487 5571 673 5609 omnes
707 5557 856 5610 viola:
883 5566 1008 5608 sunt
1035 5555 1260 5622 pallidm,
1286 5564 1396 5621 aut,
1427 5564 1484 5609 ut
1511 5556 1584 5607 ait
1605 5557 1716 5607 Vir-

143 5630 323 5697 gilius,
359 5631 646 5696 pallentes;
684 5637 807 5680 sunt
856 5626 1096 5697 qmedant
1138 5641 1436 5694 purpuram,
1469 5625 1716 5694 quaedam

144 5696 300 5754 albm.
348 5699 664 5752 Dracontius
705 5711 832 5765 ergo
875 5698 948 5748 ait
991 5696 1181 5748 violam
1222 5710 1338 5764 qua:
1375 5705 1561 5748 natura
1600 5704 1717 5750 erat

143 5774 314 5834 lutea,
347 5770 549 5838 pallore
582 5769 781 5836 fugato,
825 5781 957 5819 rosae
987 5767 1220 5838 colorem
1245 5766 1501 5838 induisse.
1545 5765 1611 5818 Et
1640 5765 1716 5818 vi-

143 5835 360 5898 dentur
388 5839 602 5909 quidem
643 5838 1030 5910 frequentiores
1073 5835 1235 5899 fuisse
1269 5837 1406 5905 apud
1449 5835 1717 5896 Romanos

1731 4541 1784 4602 D

1800 2111 2164 2175 violaelutem;
2197 2125 2318 2165 nam
2339 2109 2586 2182 Horatius
2607 2111 2793 2178 etiam,
2825 2111 2918 2168 lib.
2933 2127 3013 2178 ιιι,
3036 2114 3124 2169 od.
3145 2115 3232 2179 10,
3261 2117 3375 2182 pal-

1800 2183 1968 2238 lorem
1993 2182 2348 2254 violtetribuit
2369 2201 2380 2236 :
2404 2181 2512 2236 Nec
2531 2183 2718 2238 tinctus
2736 2185 2867 2238 uiola
2888 2184 3057 2254 pallor
3076 2181 3375 2240 amantium.

1783 2301 1787 2304 .
1873 2255 1963 2309 66.
1983 2254 2060 2307 Ex
2078 2253 2235 2306 imbri
2253 2254 2526 2323 sanguin's
2542 2269 2648 2324 quo
2663 2255 2823 2310 tellus
2839 2253 3052 2324 irrigata
3067 2266 3168 2320 est,
3187 2272 3377 2312 omnes

1802 2327 1963 2382 liores
1989 2324 2186 2378 diversi
2213 2325 2410 2378 coloris
2435 2325 2630 2380 rubore
2657 2325 2750 2380 illo
2774 2325 2968 2381 infelici
2997 2336 3118 2380 sunt
3147 2327 3318 2381 tincti.

1873 2397 1961 2452 67.
1991 2397 2108 2450 Lib.
2140 2411 2216 2467 ιιι,
2248 2411 2400 2467 vers.
2423 2393 2550 2467 404,
2580 2395 2754 2450 Tertia
2767 2412 2897 2461 sors,
2923 2412 3037 2467 qua:
3061 2399 3188 2451 lucis
3209 2400 3377 2466 inops.

1803 2468 2011 2523 Erebus
2046 2466 2199 2519 tertia
2231 2481 2349 2536 sors
2375 2466 2592 2536 dicitur,
2634 2469 2780 2536 quia,
2814 2466 3091 2536 utilabula:
3132 2479 3373 2535 narrant,

1804 2541 2088 2606 imperium
2116 2537 2239 2591 οωΙί
2267 2534 2383 2590 Jovi
2417 2535 2626 2604 obtigit,
2653 2534 2834 2591 maris
2874 2535 3139 2606 Neptuno,
3178 2534 3378 2593 infero-

1803 2625 1921 2666 rum
1955 2607 2166 2661 Plutoni
2195 2607 2344 2661 fratri
2369 2619 2494 2660 natu
2520 2608 2734 2660 minori.
2763 2606 2992 2671 Seni-ra,
3025 2607 3236 2662 Hercul.
3275 2613 3377 2662 fur.

1791 2689 1908 2749 lact.
1928 2679 2173 2744 tlt,sc.l,
2206 2678 2273 2730 Et
2293 2678 2337 2730 si
2358 2678 2611 2750 placerent
2635 2679 2794 2750 tertiis
2815 2678 2965 2750 sortis
2987 2679 3118 2742 loca,
3151 2679 3381 2750 Regnare

1841 2751 1975 2814 otui;
2006 2757 2060 2804 et
2092 2757 2272 2810 postea
2295 2763 2438 2802 vers.
2467 2749 2589 2805 851.
2636 2747 2821 2802 Deerat
2856 2748 2950 2799 hoc
2981 2752 3146 2802 solum
3173 2747 3382 2804 numero

1820 2817 2263 2889 aborum,]‘ertia3
2291 2835 2466 2889 regem
2479 2816 2701 2889 spoliare
2719 2819 2890 2889 sortis.
2924 2817 3161 2889 Tibullus
3183 2819 3276 2872 lib.
3299 2835 3379 2883 nt,

1799 2893 1939 2960 eleg.
1968 2891 2022 2951 5,
2059 2887 2228 2942 Tertia
2243 2885 2414 2960 regna
2436 2885 2536 2942 dei.
2564 2887 2900 2960 Claudianus
2914 2885 2980 2940 de
3010 2888 3180 2956 Raptu
3227 2889 3378 2944 Pros.

1801 2957 1986 3022 libftt,
2021 2973 2162 3013 vers.
2195 2957 2329 3012 167$
2353 2958 2440 3013 Sic
2475 2959 2656 3011 tertius
2680 2958 2824 3012 heres
2863 2957 3099 3012 Saturni.
3135 2961 3382 3014 Manilius

1801 3031 1898 3086 lib.
1932 3048 1968 3095 ι,
2003 3044 2147 3082 vers.
2192 3027 2296 3085 155
2323 3029 2390 3084 de
2421 3029 2578 3093 mari,
2613 3027 2783 3082 Tertia
2833 3044 2944 3082 sors
2993 3030 3158 3082 undas
3203 3032 3383 3084 strauit

1804 3105 2086 3172 ﬂuctusque
2117 3109 2368 3172 natantes.

1727 3167 1774 3233 C
1804 3167 1815 3172 ⁷
1875 3173 1963 3227 68.
1997 3172 2241 3226 Serenum
2265 3169 2596 3225 substantive
2625 3186 2638 3223 :
2662 3169 2782 3224 vide
2806 3180 2984 3226 notam
3007 3168 3072 3223 ad
3093 3170 3377 3227 vers.586.

1880 3245 1969 3299 69.
2004 3243 2190 3295 Avitus
2225 3242 2292 3294 de
2329 3242 2560 3296 tenebris
2599 3240 2824 3312 :Egypti-
2861 3243 2950 3312 lib.
2989 3256 3042 3312 v,
3080 3255 3220 3295 vers.
3256 3240 3380 3305 Ξιιό,

1807 3315 2111 3383 Squaleutes
2126 3313 2316 3379 pariter
2334 3313 2380 3364 vi
2388 3313 2548 3366 rentia
2557 3309 2891 3383 rmilia’credas
2908 3309 3146 3382 Infernas
3169 3313 3383 3366 intrasse

1807 3382 2004 3449 domos,
2028 3393 2118 3438 aut
2142 3384 2271 3452 forte
2293 3383 2494 3436 revulso
2525 3382 2702 3450 Objice
2723 3393 2974 3436 terrarum
3015 3383 3229 3448 patriam
3268 3398 3384 3435 sor-

1807 3458 1972 3510 dentis
2010 3451 2178 3524 abyssi
2216 3451 2467 3524 Migrasse
2507 3455 2559 3507 in
2591 3469 2829 3524 superos,
2887 3469 2947 3506 ac
2988 3454 3231 3506 mundum
3270 3455 3383 3508 luce

1807 3531 1985 3597 fugata
2013 3525 2124 3581 Sub
2144 3527 2284 3597 leges
2317 3525 2514 3597 misisse
2533 3541 2674 3597 suas.

1880 3592 1969 3650 70.
2003 3596 2154 3658 Apud
2187 3592 2533 3647 Claudianum
2556 3593 2646 3647 lib.
2679 3609 2736 3656 ιι,
2754 3592 2819 3647 de
2848 3593 3016 3661 Raplu
3041 3593 3216 3655 Pros..
3239 3610 3383 3649 vers.

1806 3666 1930 3720 220.
1968 3665 2138 3718 Pallas
2167 3663 2244 3734 age
2273 3663 2575 3734 Plutonem,
2599 3666 2722 3718 dum
2747 3664 3116 3730 Proserpinam
3149 3677 3381 3734 raperet,

1807 3735 2133 3804 alloquitur:
2169 3731 2372 3784 Fratris
2396 3731 2566 3798 linque
2600 3735 2796 3804 domos.
2830 3734 3047 3804 alienam
3075 3731 3246 3786 desere
3273 3751 3385 3787 sor-

1809 3802 1946 3886 tein,
1967 3803 2129 3910 libate
2158 3812 2248 3856 tua
2276 3811 2536 3856 contentus
2575 3802 2657 3856 cbi
2681 3817 2697 3855 :
2725 3803 2847 3870 quid
2888 3804 2999 3856 viva
3034 3804 3245 3873 sepultis
3273 3805 3384 3857 Ad-

1809 3889 1985 3910 ...ηροι

1807 3889 2008 3928 ηιιδερεὶ

1881 3945 1970 4016 7i.
1993 3942 2256 4016 lict-cules
2294 3941 2530 4016 Alcestin
2569 3941 2853 4016 abinleris
2895 3943 3168 4016 revocavit
3201 3944 3386 4016 (Hygi-

1807 4029 1906 4069 nus
1940 4013 2042 4070 fab.
2080 4012 2190 4085 5i).
2227 4012 2584 4085 Apollodorus
2615 4014 2706 4068 lib.
2740 4030 2776 4068 ιι
2809 4024 2986 4068 narrat
3022 4012 3286 4069 Theseum
3312 4012 3384 4070 ab

1809 4085 2037 4140 Hercule
2075 4083 2155 4138 ρκ’
2192 4083 2375 4154 inieris
2418 4085 2744 4150 excitatum;
2772 4086 3048 4154 ipsumque
3089 4085 3384 4140 Cerberum

1807 4165 2041 4222 captum,
2088 4165 2140 4207 et
2196 4155 2258 4206 ad
2312 4153 2666 4224 Eurystheum
2720 4155 3027 4208 adductum.
3070 4155 3308 4219 Ovid.us,
3352 4157 3384 4208 7

1808 4227 1957 4286 Met.,
1987 4241 2129 4278 vers.
2163 4224 2287 4286 410,
2319 4224 2617 4294 Tirynthius
2655 4224 2803 4278 heros
2837 4226 3147 4287 llestantem,
3179 4235 3384 4280 contra-

1807 4313 1900 4365 que
1929 4297 2062 4349 diem
2093 4297 2620 4365 radiosquemicantes
2647 4295 3000 4364 Ubliquantem
3025 4297 3219 4361 oculos,
3243 4300 3386 4351 nexis

1808 4362 2077 4419 adamante
2096 4366 2308 4428 catenis,
2340 4362 2586 4418 Cerberon
2609 4362 2840 4419 attraxit.

1879 4437 1966 4490 ⁸75.
2002 4436 2114 4488 Lib.
2151 4451 2208 4496 ιι.
2241 4450 2382 4506 vers.
2414 4436 2499 4500 ll,
2531 4435 2726 4489 l’artitu
2772 4452 2886 4489 cum
2915 4437 3072 4506 fratre
3115 4437 3262 4500 rices,
3293 4453 3388 4491 sua

1809 4515 2034 4575 tempora
2065 4507 2307 4558 lustrans.
2343 4505 2396 4558 In
2422 4508 2608 4573 plurali
2633 4522 2852 4560 numero
2881 4505 3103 4574 tempora
3127 4509 3386 4574 accipitur

1811 4576 2093 4646 aliquando
2133 4589 2230 4644 pro
2261 4575 2408 4628 vultu
2449 4586 2498 4629 et
2545 4577 2678 4629 facie
2711 4595 2722 4628 :
2753 4587 2807 4630 et
2847 4577 2946 4630 hoc
2987 4593 3145 4630 sensu
3181 4581 3385 4631 vultum

1813 4646 1948 4698 lunae
1975 4646 2314 4698 Dl‘at‘Oltliltm
2345 4646 2653 4714 intelligere,
2676 4651 2867 4714 exponi
2890 4657 3086 4714 pOSsel,
3112 4649 3211 4702 nisi
3235 4647 3388 4703 locus

1811 4730 1877 4769 ex
1909 4717 2001 4768 lib.
2049 4732 2084 4770 ll
2127 4716 2388 4768 indicatus
2426 4728 2631 4782 tempus
2676 4717 2922 4770 iunueret
2951 4734 3055 4786 quo
3085 4718 3205 4771 luna
3231 4734 3385 4771 suum

1811 4800 2023 4838 Cursum
2054 4788 2275 4854 peragit.
2325 4786 2429 4839 Sed
2473 4800 2567 4839 cur
2615 4787 2736 4840 luna
2777 4788 2967 4840 dicitur
3006 4803 3106 4840 non
3136 4790 3389 4841 humida?

1812 4857 1944 4921 Quia
1975 4871 2094 4908 cum
2145 4856 2266 4908 luna
2307 4857 2572 4924 praecipue
2608 4867 2761 4911 nocte
2790 4860 2877 4921 sit,
2918 4867 3009 4910 aut
3041 4859 3246 4912 dicatur
3285 4858 3385 4912 hu-

1814 4927 1974 4998 mida,
2013 4935 2066 4998 et
2106 4925 2191 4978 hic
2229 4926 2598 4980 describantur
2635 4928 2866 4982 tenebrae
2897 4927 3118 4990 diurnzn,
3155 4938 3210 4982 et
3237 4931 3387 4998 quasi

1813 5010 1878 5049 ex
1908 4997 2088 5066 inleris
2115 5006 2474 5062 erumpentes,
2506 5012 2838 5066 consequens
2876 5007 2957 5051 cst
3005 5000 3178 5051 lunam
3221 4997 3302 5052 his
3335 5002 3387 5055 in

1816 5065 2050 5137 tenebris
2075 5081 2179 5120 non
2217 5081 2335 5119 esse
2381 5065 2914 5122 humidamﬁPoterit
2941 5068 3098 5122 ctiam
3149 5070 3246 5137 legi
3288 5087 3389 5124 nou

1814 5135 2010 5217 lucida,
2039 5138 2156 5216 quia
2192 5147 2370 5205 poSIea
2399 5138 2582 5205 globus
2613 5138 2749 5192 luna:
2797 5139 2994 5192 fuscata
3028 5135 3270 5208 lampade
3305 5152 3386 5197 te-

1815 5215 1932 5260 ctus
1963 5215 2172 5259 dicitur.

1887 5277 1974 5332 74.
2012 5276 2280 5344 Virgilius,
2313 5277 2401 5330 lib.
2434 5292 2507 5343 v1,
2543 5293 2686 5332 vers.
2714 5278 2837 5340 256,
2881 5277 2987 5332 Sub
3034 5282 3236 5346 pedibus
3274 5299 3390 5336 mu-

1815 5346 1922 5415 gire
1949 5347 2136 5412 solum,
2168 5357 2213 5399 et
2237 5349 2361 5415 iuga
2393 5358 2552 5415 coepta
2590 5351 2774 5402 moveri
2825 5349 3103 5403 Silvarum.
3147 5355 3392 5409 Lucanus

1817 5417 1911 5469 lib.
1945 5433 2022 5480 ιιι,
2051 5433 2188 5470 vers.
2216 5417 2342 5482 418,
2387 5418 2534 5488 Stepe
2573 5434 2718 5472 cavas
2757 5431 3045 5474 tera’motu
3080 5425 3271 5495 mugire
3307 5441 3394 5478 ca-

1816 5501 1936 5539 veru
1945 5504 2018 5540 (18.

1892 5558 1978 5610 76.
2024 5557 2168 5611 Fort.
2204 5573 2405 5636 roseot-te
2431 5558 2615 5621 colore,
2663 5567 2719 5613 ut
2756 5560 2868 5636 dies
2899 5561 2966 5615 sit
2993 5564 3248 5617 cmruleus
3281 5567 3396 5636 pal-

1819 5626 1949 5706 lore,
1981 5643 2074 5680 seu
2105 5643 2259 5706 roseo
2289 5631 2469 5706 c_ol_ore
2501 5645 2515 5682 :
2546 5646 2666 5682 nam
2712 5632 3080 5706 culor_roseus
3102 5651 3204 5690 non
3230 5626 3396 5706 oppo-

1820 5697 1960 5750 nitur
1984 5697 2154 5776 noctis
2183 5698 2436 5776 tenebris,
2464 5715 2582 5753 cum
2614 5713 2768 5756 nocte
2808 5703 2976 5758 soleat
3003 5706 3053 5758 in
3078 5709 3215 5760 cutio
3238 5697 3396 5776 :i'p'pa-

1819 5782 1966 5893 ιῐξέε,
1987 5778 2042 5822 et
2062 5768 2210 5835 color
2251 5770 2514 5824 caeruleus
2543 5781 2716 5840 potest
2755 5789 2818 5842 ex
2856 5789 3011 5846 rp-co
3041 5785 3094 5832 et
3122 5768 3396 5844 luteo'l'or7

1879 5852 1975 5891 στι.

1879 5852 1975 5891 art.
