1997 3145
688 181 831 210 CARMEN
850 180 894 210 DE
915 180 992 209 DEO.
1013 180 1078 210 LIB.
1099 180 1120 209 1.

1673 180 1727 210 σοι

175 237 339 273 Supplicium
350 244 409 265 cum
423 243 494 271 smne
507 241 595 272 neget,
611 237 675 266 licet
691 238 752 265 inde
767 237 882 265 minetur
895 238 922 269 Α
935 238 986 266 105
1025 238 1116 265 Donec
1130 237 1156 264 in
1170 239 1306 265 extremos
1319 236 1433 272 gemitus
1448 236 1584 265 recidente
1597 236 1673 264 ruina

178 285 255 322 132
271 284 411 317 Omnibus,
430 289 457 312 et
476 284 577 311 nullum
599 284 674 311 feriat
693 291 805 311 censura
825 283 879 311 T0-

734 329 843 365 [nanti~',

175 376 206 404 Μ
221 377 314 404 vitium
330 377 465 412 peccantis
480 379 541 411 agat
557 375 702 411 perstando
718 375 843 410 maligne.

176 423 208 449 Et
232 415 417 458 quemcunque
446 422 528 455 ferit,
553 421 723 450 moderanter
747 425 881 456 temperat

309 497 311 500 .
752 470 843 507 ﬁctus,

176 516 291 550 Corrigit
315 520 535 551 errantem,.nec
556 516 631 552 punit
649 520 737 543 morte
757 520 879 550 repente,

172 563 199 589 Si
218 570 329 596 peccare
341 562 387 591 diu
399 570 490 597 parcat
503 563 655 598 quicunque
671 562 807 597 profanus.

175 609 228 636 Sed
237 616 297 636 cum
307 614 408 644 perstat
418 609 499 638 homo
510 617 617 644 semper
625 609 722 637 delicta
731 607 867 644 sequendo

175 654 277 682 Sentiet
291 655 387 683 iratum
402 663 484 690 paena
496 655 631 690 plectente
643 655 773 682 furorem.

208 701 292 730 Nemo
306 703 390 730 Deum
404 703 502 737 sentit,
519 704 623 738 quoties
638 702 761 733 irascitur
773 702 831 734 ulli,

174 748 305 783 Indulget,
326 748 485 784 coliibetque
501 749 588 776 minas
602 748 709 783 pietatis
722 755 825 780 amore,

174 794 262 821 Donec
286 794 319 821 ab
334 795 450 822 excelsis
462 795 551 821 veniat
565 795 678 821 vindicta
694 801 842 821 coercens:

176 839 275 874 ltnpete
291 839 399 867 terribili
412 840 499 875 gravis
514 841 591 867 irruit
606 841 642 866 ira
660 845 779 873 repente,

172 885 277 913 Sensim
294 893 386 914 rursus
400 886 476 914 adest
493 886 564 913 nullo
578 892 680 913 terrore
691 886 811 920 juvante,

85 516 119 544 95

86 747 136 774 100

173 932 205 960 Et
220 940 272 960 non
287 933 409 967 agnoscit
424 933 563 960 Dominum
576 933 727 968 quicunque
737 933 878 965 furentem,
896 928 921 960 B

1024 282 1101 318 133
1118 282 1241 317 lngravat
1251 283 1387 310 incautum
1398 282 1513 317 graviori
1526 282 1644 316 pondere
1658 282 1729 308 tran-

1579 364 1582 367 _
1601 327 1686 364 [gena

1023 375 1076 403 Sed
1089 382 1141 403 non
1154 379 1198 403 est
1210 375 1300 403 omnis
1312 382 1407 403 manus
1417 375 1590 409 exstirpanda
1602 381 1726 405 reorum;

1020 420 1097 449 Solos
1112 421 1210 456 quippe
1226 425 1318 454 necat,
1342 429 1409 456 quos
1423 421 1510 448 cernit
1523 421 1596 448 nolle
1612 420 1724 451 reverti,

1025 467 1133 495 Addere
1146 467 1194 495 sed
1207 467 1334 502 gravibus
1349 468 1464 502 peccatis
1479 467 1590 495 crimina
1604 466 1680 494 dura.

933 515 985 543 110
1022 513 1088 542 Nam
1104 521 1166 541 mox
1181 518 1286 548 tempus
1301 514 1377 542 adest
1395 514 1517 546 veniens,
1539 521 1592 549 quo
1607 518 1668 540 vota
1686 521 1726 540 re-

1572 560 1692 596 [currant

1020 606 1061 634 Ad
1074 605 1185 634 meliora
1199 605 1295 640 semel,
1317 605 1365 633 sed
1388 613 1440 633 non
1457 605 1573 633 reditura
1596 605 1726 639 secundo,

1022 653 1062 682 Ac
1075 654 1164 682 scelus
1176 653 1303 689 abjiciant
1315 653 1454 689 lacrymis,
1475 658 1502 681 et
1516 654 1597 681 corde
1609 659 1724 681 reatum.
1773 667 1776 671 ~

1058 699 1221 736 Quis‘genus
1237 700 1381 728 humanum
1397 700 1482 728 nescit
1502 706 1611 728 servare
1634 699 1728 727 volen-

1625 745 1688 781 [ιειι.

1021 792 1175 824 Auctorem,
1200 791 1394 827 dominumque
1419 791 1521 819 Deum?
1541 791 1584 818 cui
1612 791 1727 818 contulit

1575 837 1689 873 [Orbem,

1024 883 1103 921 13h.
1117 883 1168 912 Per
1184 888 1222 912 tot
1237 883 1306 912 facta
1322 884 1393 912 Deus
1405 883 1475 919 quod
1486 887 1562 911 sexta
1582 883 1641 911 luce
1656 890 1726 910 crea-

1630 930 1688 966 ivit.

934 884 984 912 115

745 989 861 1017 VARIZE
882 988 1084 1021 LECTIONES.

117 1046 162 1073 91.
180 1046 250 1079 Vat.,
264 1054 330 1081 saepe
345 1047 404 1072 nitet
422 1047 487 1073 licet.

177 1082 249 1115 Val.,
264 1083 373 1116 Porrigat
386 1087 521 1108 errantem.

116 1117 161 1144 96.
175 1117 246 1150 Vat.,
262 1117 306 1143 diu
319 1122 406 1151 pareat
418 1118 559 1152 quicunque
573 1118 733 1152 prophantts.

116 1153 177 1181 ηο.
194 1152 265 1186 Vat.,
284 1152 318 1179 Ni
332 1153 411 1188 fulget
426 1154 540 1187 preclure
552 1153 643 1180 minus.

115 1188 178 1215 102.
195 1188 265 1221 νειμ,
284 1189 378 1223 impetu
394 1188 510 1215 terribili.

115 1223 178 1252 103.
196 1223 266 1257 Vat.,
283 1231 385 1251 sensum
410 1232 497 1250 rursus
524 1225 594 1251 adest
618 1224 690 1250 nullo
714 1223 810 1251 terrore
829 1224 876 1259 ju-

81 1263 178 1286 rantes.

968 1045 1029 1073 101.
1046 1045 1119 1078 Vah,

970 1081 1031 1108 107.
1049 1081 1121 1113 Vat.,

968 1116 1029 1143 110.
1048 1116 1120 1149 νειμ,

967 1151 1028 1179 tte.
1046 1151 1118 1186 Vat.,

931 1191 995 1214 tum.

966 1223 1027 1250 111.
1045 1222 1118 1255 Vat.,

968 1257 1028 1286 115.
1043 1258 1117 1291 Vat.,

1135 1053 1180 1072 nec
1194 1054 1243 1072 non
1258 1046 1381 1081 agnoscit.

1135 1081 1157 1107 si
1167 1089 1217 1108 non
1232 1086 1278 1108 est.

1138 1120 1194 1142 vota
1207 1116 1308 1143 recur't.

1135 1152 1175 1178 Ad
1188 1152 1269 1179 scelus
1280 1152 1409 1189 adjectum
1424 1152 1542 1188 lacryntis
1551 1151 1659 1187 p-corde
1669 1161 1724 1181 rea-

1134 1223 1174 1249 cut'
1187 1223 1294 1249 contulit
1308 1223 1396 1251 index.

1136 1259 1204 1294 facta
1215 1258 1269 1286 dies
1278 1267 1352 1293 quem
1365 1262 1446 1286 sexta.

841 1315 955 1344 NOTAﬂ.

81 1362 176 1398 noverit
202 1358 267 1396 ipse,
294 1362 394 1392 Absotvi
420 1362 530 1398 meruit;
545 1363 566 1389 si
581 1362 693 1398 poenitet,
714 1362 787 1388 irrita
800 1361 876 1397 culpa

81 1403 126 1425 cst.
142 1397 209 1425 Vide
224 1398 303 1424 etiam
321 1398 366 1425 lib.
382 1405 398 1425 ιι
413 1397 558 1430 Dracontii,
572 1405 642 1424 vers.
660 1398 694 1425 95
705 1402 731 1425 et
745 1406 802 1432 seq.

97 1437 100 1439 ‘
113 1433 160 1461 91.
176 1433 214 1460 Ex
230 1433 291 1460 nitet
304 1434 360 1460 licet
376 1438 464 1468 posset
478 1434 533 1460 tieri
548 1433 662 1459 videlicet
673 1440 681 1461 :
693 1438 784 1468 posset
796 1433 875 1460 etiam

81 1469 129 1503 legi
145 1469 207 1495 vitet
227 1477 274 1502 pro
296 1471 367 1502 nitet,
391 1469 437 1496 sed
463 1468 546 1503 prima
570 1469 596 1495 in
626 1471 686 1495 uitet
708 1468 874 1504 producitur.

81 1504 202 1541 Conjicio
217 1509 298 1541 neget,
316 1505 371 1531 licet
387 1505 440 1541 ipse
455 1505 573 1541 minetur.

111 1512 202 1567 inguen)
217 1512 298 1541 neget,
316 1512 371 1531 licet
386 1512 440 1566 ipse
455 1512 573 1531 minetur.

111 1540 129 1566 9
152 1559 158 1565 .
176 1539 233 1566 Lili.
256 1547 285 1572 tt,
297 1547 368 1566 vers.
406 1540 450 1573 17,
468 1539 524 1566 Nos
540 1539 611 1566 nobis
625 1539 732 1574 facimus
747 1538 876 1574 peccando

80 1580 170 1609 sponte
183 1576 304 1611 malignr.
322 1571 495 1611 Perstore’eis’t
511 1571 694 1609 perseverare.
747 1571 751 1574 ’
853 1610 857 1611 ν
890 1571 913 1603 C

112 1611 159 1638 94.
180 1609 294 1645 Prosper
309 1609 392 1645 epigr.
410 1611 438 1643 8,
465 1610 575 1638 Verbere
592 1617 774 1644 nomtunquam
794 1610 874 1636 casti-

80 1654 143 1681 gans
160 1647 235 1672 corde
251 1649 365 1679 paterno,
388 1645 429 1672 Ne
448 1646 497 1672 cito
517 1650 668 1672 consumant
687 1653 752 1672 saeva
770 1645 875 1681 ﬂagella

79 1680 144 1708 reos.
161 1681 205 1708 Sic
219 1681 285 1716 lego.
302 1681 437 1709 Fabricius
446 1681 529 1709 edidit
541 1682 635 1716 (epigr.
652 1681 667 1708 4
679 1681 747 1716 apud
763 1680 873 1715 ipsum),

85 1716 191 1744 Verbere
209 1725 370 1752 nouunquam
393 1718 520 1751 castigans
544 1718 622 1743 corda
646 1721 762 1752 paterno.
787 1716 876 1743 Editio

80 1752 234 1779 Pisanrens.
270 1752 386 1786 Poetar.,
416 1752 525 1779 Verbere
550 1760 715 1787 nonunquam
746 1752 876 1787 castigans

80 1789 157 1814 tarde
174 1792 289 1814 paterno.

113 1797 157 1813 παρ
192 1797 289 1814 aterno.

113 1821 159 1849 95.
174 1797 235 1849 ἴκῐ).
252 1830 280 1854 ιι,
297 1829 366 1849 vers.
392 1822 454 1855 691,
484 1822 608 1849 Errantes
627 1822 713 1857 punis,
736 1823 780 1848 sed
807 1823 876 1849 mitis

79 1858 186 1893 (arrigis
198 1866 295 1885 euntes.

112 1891 159 1920 96'.
174 1893 203 1920 s.
231 1893 327 1920 Petrus
345 1891 430 1926 Epist.
455 1892 487 1924 ll,
503 1899 563 1926 cap.
583 1899 621 1923 ιιι,
637 1899 708 1919 vers.
726 1893 751 1923 9,
772 1891 876 1919 Patien-

79 1933 114 1955 ter
130 1929 185 1963 agit
203 1926 353 1960 (Dominus)
378 1931 481 1961 prapter
503 1935 566 1959 vos,
594 1927 682 1954 nolens
709 1927 808 1961 aliquos
832 1936 876 1963 pec

79 1962 218 2024 ήιείξξζέ
234 1971 319 1990 omnes
340 1963 374 1989 ad
395 1963 680 1997 pmoitentiamreverti.
708 1962 774 1990 Vide
799 1963 872 1998 Eleg.

79 2006 151 2024 VEI’S.
221 2020 228 2024 .
348 2006 351 2009 ’

79 2006 151 2026 vers.
167 2000 229 2028 102.
348 2006 351 2009 ‘

113 2035 160 2062 97.
176 2034 275 2062 Genes.
293 2041 368 2064 xvm,
383 2033 429 2065 ‘21,
451 2032 579 2060 Dominus
595 2033 629 2060 de
650 2033 810 2068 crimiiiliu;
822 2034 874 2062 So-

79 2069 221 2097 domorum
235 2077 241 2095 :
258 2067 426 2101 Descendunt,
441 2074 465 2096 et
479 2068 566 2096 videbo
582 2073 667 2096 utrunt
681 2067 816 2096 clamorem
832 2071 875 2105 qui

78 2107 143 2133 renit
160 2105 194 2131 ad
209 2112 249 2131 me
262 2112 337 2138 opere
352 2104 541 2139 compleverint.

114 2141 177 2168 100.
196 2140 266 2167 Satis
288 2140 428 2166 commode
456 2139 605 2167 restituitur
626 2139 747 2175 Indu'get
772 2148 819 2175 pro
839 2141 876 2168 Ni

79 2177 177 2211 fulget;
193 2175 240 2202 sed
267 2183 314 2211 pro
334 2175 537 2211 preclarerl'orte
560 2175 699 2210 legendum
723 2177 875 2211 prtcfertque

78 2212 175 2243 minus,
189 2216 235 2237 aut
247 2210 345 2245 aliquid
357 2210 427 2237 aliud
443 2210 538 2237 similis
553 2211 703 2238 sementim.

116 2247 178 2289 10}.
197 2246 253 2273 Lib.
271 2254 300 2289 ll,
312 2253 390 2289 ¹νει-ε.¹
402 2245 464 2289 4115,
485 2245 617 2289 Superum
634 2246 745 2289 uindicta
766 2252 872 2275 coercet.
888 2259 915 2289 D

78 2281 191 2309 Excelsa
208 2289 255 2314 pro
269 2282 347 2314 caelo,
365 2285 394 2308 ut
407 2281 493 2307 dicam
507 2281 539 2308 ad
556 2288 625 2308 vers.
642 2281 693 2307 204
708 2281 754 2308 lib.
771 2290 799 2310 ll.

114 2317 177 2344 102.
197 2316 295 2351 lmpete
314 2317 430 2343 occurrit
451 2316 530 2343 etiam
552 2316 617 2343 inira
634 2324 703 2343 vers.
719 2316 783 2350 557,
803 2318 873 2345 Sub-

79 2353 184 2379 ducitur
204 2353 296 2386 impete
310 2352 409 2378 mortis.
424 2351 605 2379 Tertullianus
629 2352 662 2379 de
683 2352 744 2378 Jud.
770 2353 873 2381 Domini

79 2388 178 2415 habet:
196 2387 296 2420 Impetit
309 2392 419 2413 tartareo
429 2387 547 2420 frondent
563 2387 680 2415 incendia
694 2388 807 2419 mundo;
827 2388 873 2416 sed

79 2424 103 2460 in
126 2425 177 2450 hoc
205 2428 315 2460 auctore
343 2422 405 2450 ferri
434 2423 458 2450 id
480 2428 578 2458 potest,
601 2430 661 2450 cum
689 2430 761 2458 saepe
782 2425 874 2460 spiritu

78 2459 216 2491 dactylum
235 2458 323 2485 iaciat.

115 2494 177 2521 105.
196 2493 248 2521 Pro
257 2495 377 2529 juvantes
394 2493 436 2520 vel
454 2495 563 2528 juvante
579 2493 650 2520 aliud
676 2494 793 2521 tnallem.
810 2494 874 2522 For-

78 2534 87 2556 t
105 2537 149 2556 sse
165 2530 237 2556 nullo
251 2534 346 2555 terrore
361 2529 471 2555 minante
484 2530 525 2556 vel
541 2534 666 2556 monente.

115 2566 177 2592 105'.
192 2565 248 2592 Lib.
265 2573 294 2597 ιι,
311 2572 381 2592 vers.
399 2564 465 2597 156,
492 2564 671 2591 Recidentibus
687 2565 765 2595 euris,
783 2569 810 2591 et
824 2565 872 2598 ib.,

77 2599 233 2636 verssti'lb,
253 2600 320 2634 Spes
342 2600 441 2636 generis
464 2601 590 2626 recidens.
615 2599 716 2632 Livius,
737 2600 782 2626 lib.
799 2607 871 2635 xxw,

75 2644 135 2669 Pup.
153 2635 199 2668 ‘29,
218 2635 275 2668 Quo
290 2635 349 2662 moui
362 2636 388 2662 in
403 2636 544 2669 graviorem
559 2635 673 2662 morbum
685 2636 817 2662 recideret.

116 2671 175 2698 107.
195 2671 253 2699 Lib.
270 2679 299 2704 ιι,
317 2673 387 2698 vers.
405 2671 467 2704 405,
487 2671 584 2698 Rursus
606 2679 637 2697 ne
648 2671 763 2705 perderet
778 2671 872 2704 orbem,

77 2705 125 2731 Aut
140 2706 247 2740 impune
256 2714 312 2733 reos
324 2706 419 2741 possint
433 2706 568 2733 dimitteret
585 2714 680 2741 omnes,
700 2706 776 2742 Eligit
790 2715 802 2734 e
812 2715 872 2733 cun-

79 2745 102 2766 ct
114 2749 137 2772 s,
148 2749 211 2775 quos
227 2743 284 2777 plus
297 2748 403 2776 peccare
417 2742 525 2769 videbat.

115 2777 177 2803 109.
196 2777 278 2804 Forte
293 2777 399 2803 crimina
413 2778 480 2805 dira.

114 2811 175 2847 1710.
191 2812 217 2840 ld
234 2813 369 2847 pertinere
381 2813 484 2840 videtur
493 2813 524 2839 ad
540 2813 700 2840 sententiam
710 2813 818 2846 Apoenl.
831 2821 871 2845 ιιι,

75 2846 102 2880 5,
120 2846 300 2875 Pwnitentiain
312 2856 368 2882 agc.
385 2848 414 2875 Si
426 2858 483 2884 ergo
496 2857 545 2875 non
560 2848 712 2883 rigilaveris,
732 2849 828 2884 svitiam
839 2849 874 2874 ad

76 2887 100 2919 te
115 2887 238 2919 tauquam
254 2886 305 2919 fur,
322 2891 381 2918 quzn
398 2883 527 2917 repetitur
543 2892 592 2917 cap
619 2892 671 2916 xvt,
690 2891 759 2910 vers.
779 2883 820 2915 15,
846 2888 874 2911 et.

76 2918 102 2946 in
120 2918 142 2945 1|
156 2920 236 2953 epist.
252 2918 322 2947 Petri
338 2926 378 2952 tu,
406 2919 448 2953 10,
473 2924 500 2947 et
519 2919 591 2947 Pauli
608 2920 614 2945 l
630 2921 661 2945 at
684 2919 778 2946 Tlicss.
795 2926 820 2951 v,
844 2921 859 2945 2

123 3004 142 3037 ’i’

935 1360 1077 1388 Etclarius
1089 1360 1122 1388 ad
1136 1368 1193 1388 rem
1208 1364 1325 1388 nostram
1341 1360 1521 1389 Ecclesiastic.
1535 1368 1589 1394 xw,
1603 1361 1636 1388 12
1649 1370 1654 1387 :
1669 1361 1724 1389 Me-

930 1404 987 1422 mor
1006 1400 1059 1422 esto
1072 1397 1194 1431 quoniam
1214 1404 1282 1423 mors
1296 1404 1345 1422 non
1367 1397 1469 1428 tardat;
1495 1401 1521 1423 et
1543 1397 1621 1430 paulo
1644 1402 1722 1431 post:

930 1432 996 1458 Ante
1009 1432 1105 1458 obitum
1119 1436 1192 1458 litum
1212 1438 1318 1466 operare
1328 1432 1468 1466 justitiam,
1484 1432 1605 1466 quoniam
1621 1441 1671 1459 non
1685 1437 1723 1459 est

929 1467 999 1501 apud
1013 1467 1108 1501 inferos
1124 1467 1236 1493 invenire
1256 1466 1349 1493 cibum.
1372 1467 1515 1501 Apostolus
1531 1467 1563 1494 ad
1578 1467 1665 1494 Galat.
1685 1475 1722 1499 vv,

930 1503 973 1534 10,
991 1501 1060 1538 Ergo
1073 1502 1133 1528 dum
1151 1502 1395 1538 tempttsiliabentus,
1421 1510 1554 1536 operemur
1574 1502 1668 1529 bonum
1688 1503 1724 1529 ad

929 1545 1025 1565 omnes.
1039 1538 1136 1573 Joann.
1153 1545 1190 1571 Ix,
1206 1537 1233 1570 4,
1256 1537 1329 1564 Venit
1349 1545 1409 1573 nox,
1430 1538 1533 1573 quando
1554 1546 1629 1565 uerno
1642 1542 1724 1571 potest

929 1573 1040 1607 operari.
1056 1572 1083 1600 In
1102 1580 1170 1600 nexu
1185 1573 1332 1600 litterarum
1348 1572 1502 1608 dubio'lego
1513 1578 1656 1607 recurrant,
1671 1574 1724 1601 sci-

929 1609 991 1636 licet
1003 1610 1052 1636 rei.

964 1644 1025 1672 111.
1043 1644 1136 1671 Redire
1156 1643 1268 1671 secundo
1290 1647 1331 1670 est
1353 1643 1523 1678 pleonasmus
1545 1651 1560 1671 a
1577 1645 1721 1672 Dracontio

927 1680 1041 1714 aliisque
1054 1680 1175 1711 usitatus,
1193 1683 1221 1706 ut
1234 1686 1322 1706 rursus
1334 1679 1418 1706 redire
1432 1680 1501 1713 apud
1517 1680 1640 1708 eumdem
1657 1681 1723 1707 Dra-

927 1716 1057 1748 contium,
1078 1720 1105 1743 et
1120 1715 1167 1742 lib.
1183 1723 1212 1747 ιι,
1237 1722 1310 1742 vers.
1326 1715 1387 1748 165,
1415 1715 1514 1743 lim-sus
1529 1723 1602 1749 aqme
1616 1716 1722 1743 reduces

927 1755 1042 1786 repetunt
1068 1750 1123 1777 loca
1141 1752 1240 1786 prisca;
1265 1750 1501 1786 rursumireddere,
1529 1751 1598 1785 apud
1622 1751 1723 1777 Tereu-

928 1785 1011 1817 tium;
1039 1793 1128 1812 rursus
1147 1787 1252 1819 referre,
1275 1786 1344 1818 apud
1361 1785 1498 1818 Ovidium;
1523 1794 1612 1812 rursus
1625 1786 1719 1818 redire,

927 1821 997 1855 apud
1015 1821 1214 1852 Marcellinum;
1230 1829 1319 1847 rursus
1334 1826 1455 1853 repetere.
1467 1821 1536 1855 apud
1551 1821 1719 1848 Suetonium.

928 1856 965 1883 De
981 1856 1049 1883 votis
1064 1856 1231 1887 Dracontius,
1248 1856 1295 1882 lib.
1311 1863 1329 1889 ι,
1346 1863 1414 1882 vers.
1432 1855 1494 1888 69.1,
1512 1856 1578 1882 mala
1591 1861 1648 1882 vota
1662 1864 1730 1891 reo:

927 1899 1002 1922 rum;
1013 1895 1040 1918 et
1056 1891 1100 1917 lib.
1116 1898 1144 1922 ιι,
1160 1898 1230 1918 vers.
1247 1891 1312 1922 405,
1326 1891 1461 1917 hominum
1472 1891 1587 1925 pessima
1597 1897 1663 1918 vota.

964 1926 1025 1954 112.
1044 1926 1143 1953 Versus
1157 1925 1200 1953 hic
1213 1926 1347 1952 sanandus
1357 1930 1411 1957 est;
1428 1925 1474 1953 sed
1491 1932 1543 1952 non
1558 1926 1610 1953 alia
1624 1933 1720 1954 occur-

927 1962 963 1990 rit
976 1961 1118 1993 medicina,
1135 1961 1184 1988 nisi
1200 1968 1278 1995 quam
1293 1960 1419 1997 adhibui;
1435 1964 1481 1997 aut
1501 1961 1522 1997 si
1537 1962 1621 1989 mavis
1632 1961 1719 1997 (acm-

927 1998 976 2033 gnt's
996 1997 1129 2033 purgando
1150 2001 1258 2033 reatum,
1275 1996 1324 2033 vel
1342 1996 1464 2033 lacryrnis
1482 1995 1589 2033 delenda
1607 1995 1718 2025 reatum.

928 2032 994 2059 Vide
1007 2031 1053 2059 lib}
1071 2040 1089 2064 ι,
1107 2040 1176 2059 vers.
1191 2032 1253 2064 694,
1273 2031 1343 2058 Utse
1356 2032 1492 2066 poeniteant
1502 2032 1615 2066 sceleris,
1630 2038 1682 2060 etc.

964 2067 1026 2097 114.
1041 2068 1123 2095 Abest
1148 2075 1241 2095 sensus
1256 2074 1271 2093 a
1286 2066 1386 2094 codicis
1411 2067 1526 2095 lectione
1547 2068 1589 2094 cui
1611 2068 1720 2095 contulit

927 2104 1013 2131 index.
1029 2103 1086 2130 Non
1103 2103 1213 2131 dedecet
1227 2103 1268 2129 cui
1281 2103 1389 2129 contulit
1402 2102 1497 2136 orbem,
1519 2103 1560 2130 vel
1574 2103 1615 2130 cui
1628 2104 1720 2130 condi-

928 2139 965 2166 dit
978 2140 1073 2166 orbem.
1086 2138 1139 2166 Sed
1155 2146 1167 2164 a
1186 2138 1321 2165 Dracontii
1335 2145 1415 2165 manu
1436 2134 1541 2165 videtur
1555 2146 1615 2166 esse
1628 2134 1730 2172 iudex,‘

927 2181 980 2209 quo
995 2175 1077 2202 verbo
1093 2181 1156 2200 usus
1175 2179 1215 2201 est
1235 2174 1280 2200 lib.
1302 2181 1319 2205 ι,
1344 2180 1413 2200 vers.
1435 2173 1499 2209 454,
1524 2173 1599 2209 Spes,
1621 2174 1718 2209 opifex,

927 2208 1056 2242 dominus,
1073 2214 1164 2242 rector,
1178 2209 1240 2241 dum,
1258 2209 1362 2242 arbiter,
1379 2209 1466 2236 iudex.
1490 2208 1535 2236 Sic
1547 2208 1604 2236 'lux
1623 2210 1657 2235 ab
1670 2216 1731 2236 eo-v

927 2245 987 2272 dem
1001 2245 1100 2272 dicitur
1113 2244 1233 2279 temporis
1246 2244 1334 2277 index,
1347 2244 1386 2271 sol
1399 2244 1500 2271 luminis
1514 2244 1600 2277 index,
1622 2243 1731 2272 Petrus‘

927 2281 978 2307 ceri
994 2280 1119 2315 dogmatis
1133 2280 1220 2306 index.
1243 2279 1278 2307 Ut
1293 2279 1363 2306 Deus
1384 2283 1496 2306 vocatur
1518 2279 1585 2313 dux,
1608 2280 1669 2315 quia
1685 2279 1720 2306 ad

926 2314 1032 2343 rectam
1043 2316 1112 2343 viam
1133 2322 1181 2342 nos
1196 2315 1277 2347 ducit,
1301 2315 1340 2342 sic
1363 2315 1433 2342 idem
1456 2315 1604 2349 appellatur
1626 2314 1717 2348 index,

946 2352 988 2378 uia
1010 2351 1201 2389 nobis__in_dieat
1216 2350 1287 2389 quid
1308 2350 1650 2389 agendum_tugien_t_i_umve
1672 2350 1717 2377 sit.

946 2360 988 2378 lllil
1010 2360 1085 2378 HODIS
1101 2360 1201 2378 Inutcat
1224 2360 1287 2389 qum
1310 2360 1441 2385 agendum
1464 2360 1650 2384 tugtenuumve
1672 2360 1717 2377 Sll.

926 2360 1067 2415 gornclius
1081 2386 1205 2413 Valerius
1216 2385 1294 2412 Vonk
1308 2386 1428 2413 Lection.
1442 2385 1530 2412 Latin.
1546 2384 1592 2412 lib.
1610 2391 1638 2416 ιι,
1657 2392 1718 2420 cap.

925 2423 953 2455 2,
971 2423 996 2449 in
1011 2421 1120 2450 Sedulio
1132 2421 1179 2448 lib.
1193 2429 1220 2455 ιι,
1236 2428 1305 2448 vers.
1317 2421 1369 2447 252
1381 2421 1426 2456 (al.
1439 2420 1516 2455 256),
1532 2421 1719 2456 projudexque

925 2457 1050 2492 benignus
1064 2457 1127 2491 legit
1141 2457 1268 2490 iudexque
1280 2456 1411 2491 benignus.
1440 2456 1546 2492 Revera,
1565 2456 1659 2483 melius
1683 2457 1719 2483 ita

927 2491 1047 2525 procedit
1069 2492 1200 2519 sententia
1215 2500 1222 2518 :
1237 2492 1335 2519 Orandi
1360 2495 1486 2525 prwcepta
1498 2491 1576 2524 dedit,
1593 2492 1720 2526 iudexque

926 2528 1047 2563 benignus
1060 2526 1223 2563 In'lulgenda
1242 2528 1292 2563 peti
1313 2527 1418 2554 breuiter
1435 2527 1523 2563 jubet,
1536 2531 1588 2554 etc.
1606 2527 1646 2554 Ab
1656 2527 1719 2563 etli-

926 2561 993 2590 nicis
1006 2561 1146 2590 colebatur
1163 2561 1291 2590 llercules
1314 2563 1406 2596 Index,
1423 2561 1494 2596 quod
1513 2562 1611 2589 furtum
1634 2561 1720 2596 quod-

926 2599 986 2625 dam
1001 2599 1127 2633 Sophocli
1143 2598 1168 2625 in
1185 2599 1296 2626 somniis
1310 2598 1451 2625 indicasset
1468 2605 1537 2632 :quo
1548 2598 1616 2632 facto
1630 2598 1719 2633 fanum

925 2633 992 2661 illud
1008 2632 1105 2661 Indicis
1120 2632 1240 2661 Herculis
1252 2634 1407 2661 nominatum
1425 2637 1472 2667 est,
1489 2636 1518 2660 ut
1533 2633 1615 2661 refert
1626 2632 1721 2660 Cicero

928 2670 993 2696 lib.i
1009 2670 1042 2696 de
1058 2669 1144 2696 Divin.
1164 2669 1241 2701 Apud
1259 2670 1372 2697 Statium
1395 2669 1422 2696 in
1441 2669 1487 2695 lin.
1509 2669 1556 2701 lib,
1579 2676 1586 2695 ι
1607 2668 1720 2700 Aehil|.,

927 2705 1022 2732 Partus
1039 2704 1117 2731 index
1132 2703 1229 2731 Lucina
1242 2705 1357 2737 resolvit,
1383 2705 1502 2732 innuitur
1516 2704 1643 2732 Lucinam
1664 2708 1721 2731 ute—

926 2748 984 2768 rum
1001 2741 1045 2767 diu
1061 2740 1221 2767 occultatum
1237 2740 1364 2773 indicare,
1380 2740 1421 2768 vel
1436 2747 1534 2775 pueros
1550 2740 1668 2767 indicare
1695 2743 1722 2767 et

927 2777 952 2803 in
969 2777 1056 2803 lucem
1073 2776 1189 2802 mittere.
1207 2775 1243 2802 lta
1259 2783 1322 2810 ergo
1333 2776 1469 2804 emendari
1486 2779 1573 2810 poteSL
1584 2775 1722 2803 Dracontii

926 2819 1031 2844 versus,
1057 2811 1097 2837 cui
1118 2811 1227 2838 consulit
1241 2811 1327 2844 index,
1348 2811 1410 2838 Post
1433 2816 1468 2838 tot
1489 2812 1555 2846 facta
1572 2810 1641 2838 Deus
1654 2810 1722 2845 quod

926 2853 997 2874 sexta
1013 2849 1068 2874 luce
1082 2847 1191 2879 creavit;
1207 2848 1249 2874 vel
1265 2848 1305 2873 cui
1319 2847 1431 2874 consulit
1443 2847 1520 2874 index
1535 2846 1586 2873 P.r
1603 2851 1637 2873 tot
1654 2846 1722 2880 facta

928 2883 1006 2915 Deus,
1021 2882 1089 2917 gitod
1104 2886 1174 2908 sexta
1187 2882 1244 2909 luce
1259 2883 1361 2909 creavit.

965 2915 1031 2946 115.
1043 2917 1094 2956 Pro
1109 2917 1162 2944 diu
1176 2923 1279 2945 certum
1296 2918 1402 2946 videtur
1416 2917 1557 2952 legendum
1571 2917 1651 2944 Deus.
1670 2915 1722 2943 Pro
