3994 6290
536 352 651 419 698

1790 343 2157 429 nnalcourn
2201 344 2535 404 causam.

719 471 896 531 Prima
926 469 1040 527 dies
1070 412 1352 537 nsm‘klucis
1381 432 1520 541 edat,
1550 476 1697 520 mors
1714 429 1824 525 luna
1848 424 2118 519 tetiebris:
2149 464 2204 529 Α
2231 464 2333 520 120
2404 462 2519 517 Lux
2544 459 2741 529 genitis
2771 457 3030 532 factisque
3057 458 3228 527 calor,
3258 459 3350 517 lux
3375 460 3547 531 gratis
3573 460 3731 527 solis,

721 563 877 636 135
916 562 1033 617 Lux
1080 560 1235 616 datur
1273 567 1398 615 ante
1444 556 1615 627 polos,
1669 554 1761 610 lus
1803 554 1931 610 clari
1963 569 2124 610 causa

1912 645 2028 700 'diei

918 674 924 691 '
1926 653 2028 700 diei

723 745 833 813 Lux
850 711 1014 824 iubar
1041 742 1356 804 aethereum,
1398 739 1487 795 lux
1524 737 1699 794 noctis
1719 653 1983 804 limes,let
2008 686 2127 793 dm-

1898 831 2052 905 lbra,

719 929 832 988 Lux
857 929 1019 988 facies
1045 928 1209 988 rebus
1237 928 1467 997 cunctis,
1497 936 1551 985 et
1578 927 1667 984 lux
1698 926 2006 990 elementis,

2417 554 2578 627 136
2606 552 2715 607 Lux
2756 548 2919 608 decus
2950 563 3238 622 astrorum,
3292 553 3383 610 lux
3421 569 3585 612 aurea
3618 570 3824 616 cornua

2407 737 2527 794 Lux
2558 736 2732 807 fulgor
2759 735 2905 802 cteli,
2936 736 3025 792 lus
3056 745 3110 792 et
3130 736 3424 808 primordia
3453 648 3763 806 mutili?“

2407 828 2521 885 Lux
2549 826 2807 901 splendor
2831 826 3013 885 llamm
3032 844 3086 897 ι»,
3119 828 3208 885 lux
3239 830 3417 902 magni
3448 831 3713 902 temporis
3742 828 3822 887 in-

3600 923 3754 998 [ἀοι.

1866 1042 2097 1100 VARIE
2135 1029 2536 1100 LEGTlONES.

614 1168 735 1224 116.
771 1165 916 1231 Vat.,
948 1164 1195 1219 diesnam
1225 1161 1353 1216 lucis
1380 1167 1486 1216 erat
1512 1174 1631 1214 mox
1664 1173 1803 1224 una;
1847 1155 1940 1214 alii
1969 1156 2121 1227 editi,

540 1240 653 1295 dies
684 1239 775 1294 lux
800 1248 872 1293 est
903 1236 1049 1291 terris
1082 1249 1218 1287 mors
1250 1249 1373 1287 una.

615 1309 739 1367 117.
770 1308 916 1371 Vat.,
946 1305 1253 1378 polos;_a_lii,
1274 1303 1483 1378 polum.
1513 1298 1828 1359 Parisiensis
1858 1298 1918 1355 S.
1947 1298 2130 1356 Victor

540 1381 616 1440 ris
644 1381 838 1450 codex,
872 1375 1061 1444 claris;
1091 1375 1201 1443 alii,
1235 1375 1384 1430 clari.
1753 1396 1765 1404 ο

2307 1155 2431 1210 118.
2462 1152 2610 1220 Vat.,
2643 1151 2807 1219 Vict.,
2841 1160 2887 1205 et
2915 1150 3126 1207 umbris.

2306 1226 2432 1282 119.
2463 1223 2608 1290 Vat.,
2640 1222 2757 1278 Lux
2787 1224 2943 1296 facies
2967 1226 3165 1292 rerum;
3186 1221 3279 1278 lux
3300 1220 3393 1279 lux
3410 1224 3707 1298 cunctisque
3726 1235 3822 1282 trc-

2235 1307 2443 1424 mcgl)...
2461 1366 2578 1421 Vat.
2589 1408 2604 1435 ,
2629 1364 2744 1421 Lux
2758 1381 2916 1438 genus
2930 1373 3205 1437 percuncta
3219 1382 3275 1421 so
3298 1401 3313 1421 .
3325 1406 3336 1419 .
3348 1404 3363 1420 .
3381 1363 3475 1422 lux
3489 1369 3662 1440 gratia
3677 1368 3818 1427 solis.

2067 1482 2299 1542 NOTAE.

541 1602 631 1660 per
648 1578 1218 1660 _tot_lortasse_‘melius
1250 1585 1361 1660 post
1394 1584 1486 1660 tot,
1518 1586 1576 1630 ut
1606 1590 1749 1660 vers.
1781 1574 1907 1660 25f),
1948 1573 2128 1660 _Terri-
2157 1579 2206 1639 B
2236 1577 2377 1660 tione
2408 1575 2645 1660 Parisina
2691 1574 2849 1658 huius
2878 1588 3101 1656 operum
3132 1573 3813 1660 reperitur._liexaememn

542 1646 685 1727 benis
732 1657 938 1727 {actura
967 1653 1105 1727 cibos
1153 1658 1264 1716 past
1304 1658 1488 1727 cuncta
1525 1646 1779 1727 creandis,
1813 1647 2126 1727 ubiutamen

543 1716 680 1784 Vict.
732 1716 861 1793 legit
909 1723 1070 1781 etiam
1133 1736 1222 1787 per
1266 1726 1471 1785 cuncta,
1521 1716 1657 1772 forte
1699 1726 1756 1771 ut
1794 1717 2128 1793 significetur

541 1805 759 1869 propter
788 1787 1055 1869 hominem
1085 1798 1283 1869 cuneta
1303 1796 1507 1869 creata,
1538 1797 1594 1841 ut
1621 1798 1806 1857 postea
1831 1802 1971 1842 vers.

541 1858 740 1927 Confer
784 1865 987 1936 proleg.
1021 1878 1169 1936 num.
1214 1860 1304 1936 86.
1359 1859 1471 1912 Etsi
1518 1868 1694 1913 autem
1746 1873 1925 1913 sermo
1964 1859 2036 1936 sit
2061 1858 2129 1911 de

541 1940 735 2011 genbre
757 1928 1010 2011 humatio,
1066 1930 1282 2011 retineri
1313 1939 1489 1985 tamen
1513 1939 1895 2011 possetquem
1926 1928 2130 2011 scilicet

540 2000 638 2079 per
678 2006 1027 2079 mutationem
1068 2002 1281 2072 generis
1316 2018 1327 2054 :
1360 2015 1482 2079 nam
1513 2001 1823 2079 intelligitur
1861 2015 2006 2068 quem
2034 2000 2129 2052 ho-

543 2070 749 2134 minem.
804 2074 933 2131 Vide
979 2070 1280 2130 Comment.
1333 2070 1399 2125 ad
1437 2070 1693 2125 Prudeut.
1739 2070 1833 2124 lib.
1868 2086 1905 2125 ll
1945 2078 2127 2125 contra

543 2152 780 2222 Symm.,
824 2161 969 2219 vers.
996 2145 1212 2222 504,06
1253 2140 1525 2222 Gilanium
1574 2142 1737 2196 Indic.
1763 2140 1933 2222 Lucr.
1967 2142 2128 2222 verbo

544 2211 782 2277 G'euems
810 2214 1062 2273 ueruto.
1109 2211 1184 2267 De
1214 2212 1548 2267 connexione
1595 2227 1723 2267 vero
1763 2211 1919 2278 hujus
1962 2211 2129 2279 partis

544 2290 811 2363 poematis
827 2304 952 2363 _cut_n
976 2286 1183 2354 reliquo
1206 2298 1433 2363 corpore
1453 2283 1559 2337 dixi
1583 2282 1686 2363 loc.
1709 2284 1803 2337 cit.
1825 2282 2125 2363 Prolegom.

623 2360 747 2415 116.
778 2360 861 2414 Ab
906 2358 1009 2412 hoc
1048 2352 1207 2409 versu
1254 2352 1512 2423 incipiunt
1554 2352 1821 2408 editiones
1873 2352 2128 2405 hactenus

548 2432 701 2487 facte
728 2445 848 2485 cum
882 2429 1035 2483 titulo
1065 2425 1446 2489 Hexaemeron,
1486 2425 1597 2478 sive
1626 2426 1690 2477 de
1719 2423 1884 2494 Opere
1901 2438 1992 2476 sex
2019 2423 2129 2475 die-

548 2519 689 2566 rum,
745 2510 799 2556 t-t
851 2496 1261 2569 progrediuntur
1298 2510 1476 2569 :usque
1519 2495 1585 2569 ad
1631 2508 1841 2549 versum
1883 2494 2127 2546 ultimum

464 2608 474 2616 -
548 2564 708 2642 hujus
734 2564 883 2635 libri';
928 2564 1151 2642 quarum
1201 2565 1374 2619 varias
1419 2564 1678 2642 lectiones
1725 2578 1867 2617 nunc
1895 2577 2127 2642 appono.

551 2635 796 2706 Rivinus,
823 2635 1199 2707 cum’primum
1229 2650 1437 2707 versum
1463 2635 1774 2690 mendosum
1802 2637 2124 2703 agnovisset,

554 2705 896 2769 emendavit:
924 2705 1105 2764 Prima
1130 2708 1237 2760 dies
1278 2705 1368 2759 lux
1401 2714 1498 2770 est,
1543 2707 1681 2759 tetris
1708 2722 1843 2758 mors
1866 2721 1967 2758 una
1994 2713 2130 2758 tene-

553 2788 679 2849 bris,
694 2787 773 2835 vel
795 2798 929 2836 mors
954 2782 1077 2843 ima,
1094 2778 1145 2832 id
1169 2787 1251 2849 est
1272 2778 1459 2849 prima;
1480 2777 1561 2849 vel
1582 2791 1720 2849 mer
1742 2777 1873 2849 viva,
1893 2776 1971 2849 vel
1994 2790 2130 2849 mars

553 2845 704 2909 sana.
758 2854 1002 2908 Barthius
1047 2848 1184 2917 apud
1234 2847 1486 2917 eumdem
1531 2847 1778 2900 liiviuum
1814 2846 1992 2898 Prima
2020 2845 2129 2899 dies

552 2925 647 2979 lux
676 2934 747 2979 est
778 2924 944 2989 lerris,
974 2916 1112 2974 mors
1134 2920 1265 2989 unde
1302 2916 1535 2979 tenebris.
1569 2918 1658 2973 Sic
1686 2924 1873 2970 auctor
1897 2917 2124 2989 biureti:

553 2997 624 3050 Et
637 2999 751 3067 jam
779 2986 1017 3067 concepto
1050 2988 1266 3067 tenebrae
1299 2990 1568 3067 splendore
1607 2989 1867 3067 recedunt.
1909 2986 2130 3067 _Per_spi-_-

552 3057 711 3122 cuum
758 3073 841 3119 est
891 3057 1094 3118 nullum
1146 3059 1233 3112 hic
1276 3072 1396 3112 esse
1445 3057 1620 3111 locum
1654 3058 1769 3111 voci
1800 3058 1965 3111 terris.
2018 3058 2129 3111 Etsi

554 3139 694 3193 enim
726 3136 888 3190 verba
924 3134 1093 3203 prima
1120 3130 1366 3203 Genesis,
1398 3125 1465 3181 In
1495 3128 1749 3203 principio
1778 3132 1965 3203 creavit
1994 3126 2130 3203 Deus

554 3205 735 3263 caelum
764 3214 809 3261 et
839 3200 1044 3267 terram,
1097 3203 1167 3255 ita
1202 3200 1419 3269 intelligi
1453 3200 1679 3267 possint,
1728 3207 1787 3253 ut
1828 3200 1994 3267 prima
2042 3200 2130 3253 die

555 3281 752 3334 ctelum
780 3293 899 3332 cum
933 3285 1072 3329 terra
1102 3270 1417 3327 elementari
1446 3270 1756 3338 productum
1785 3269 1960 3335 luerit,
1994 3269 2128 3322 Dra.

556 3351 768 3405 eoutius
792 3358 967 3401 tamen
994 3343 1151 3398 aliam
1180 3341 1391 3395 videtur
1417 3339 1567 3408 sequi
1597 3342 1939 3405 sententiam,
1988 3338 2131 3409 quod

557 3422 766 3475 scilicet
793 3417 877 3472 bis
906 3414 1080 3470 verbis
1109 3414 1316 3483 Moyses
1340 3412 1663 3483 creationem
1694 3410 1875 3465 mundi
1916 3413 1969 3466 in
1999 3419 2134 3464 tem-

556 3504 692 3559 pore
720 3490 910 3543 lat-tam
941 3480 1254 3559 complexus
1281 3480 1460 3548 luerit,
1486 3496 1643 3551 quam
1668 3491 1859 3559 postea
1888 3497 1983 3559 per
2010 3495 2133 3550 par-

559 3552 641 3616 ies
668 3573 721 3616 et
772 3560 887 3614 dies
918 3552 1148 3625 explicat
1186 3552 1296 3625 :de
1319 3567 1420 3622 qua
1449 3552 1713 3625 sententia
1745 3552 1911 3625 videri
1958 3561 2134 3625 potest

558 3631 808 3686 Petavius
837 3628 912 3683 De
933 3621 1111 3693 opillc.
1141 3638 1237 3679 sex
1267 3621 1476 3693 dierum
1505 3621 1597 3677 lib.
1624 3637 1662 3690 t,
1691 3636 1809 3689 cap.
1838 3621 1872 3673 2
1899 3621 1987 3693 qui
2012 3623 2134 3676 huic

559 3702 796 3771 opinioni
846 3691 1120 3771 adhaeret,
1155 3709 1229 3771 ae
1251 3694 1350 3771 S$_.
1377 3691 1592 3749 Patrum
1617 3691 1961 3771 “testimoniis
1990 3708 2131 3761 eam,

559 3762 780 3840 rejectis
820 3770 941 3824 aliis
982 3763 1460 3840 explicationibus,
1506 3762 1805 3840 conﬁrmat.
1860 3764 2137 3840 Itaquent

560 3834 883 3899 Dracontius
907 3834 1193 3905 vers.‘seq.
1240 3838 1333 3900 ait,
1384 3834 1499 3888 Lux
1529 3835 1679 3887 datur
1704 3843 1822 3905 ante
1850 3834 2018 3905 polos,
2066 3835 2137 3887 ita

559 3914 742 3969 dicere
765 3913 955 3984 potuit,
975 3908 1088 3963 Lux
1116 3904 1263 3984 datur
1278 3914 1397 3960 ante
1417 3906 1605 3971 solum,
1632 3904 1716 3958 vel
1741 3904 1921 3958 terras.
1949 3905 2139 3984 Adhuc

561 3996 744 4038 autem
766 3976 1095 4048 conjecturae
1119 3982 1265 4031 locus
1292 3985 1396 4048 est,
1421 3991 1486 4029 an
1518 3990 1613 4043 pro
1642 3990 1777 4048 mors
1801 3992 1902 4048 una
1922 3976 2138 4048 tenebris

560 4055 663 4122 legi
697 4044 890 4107 debeat
918 4066 1017 4103 nox
1048 4050 1182 4122 unde
1203 4046 1418 4101 tenebrae
1444 4060 1626 4122 :__nam
1666 4045 1727 4122 _iu
1776 4045 1960 4100 codice
1993 4044 2139 4122 Vati-

563 4114 800 4198 cavnuest
838 4137 975 4183 mox,
1004 4118 1152 4198 quod
1178 4122 1273 4198 p10
1312 4131 1414 4198 nox
1440 4114 1563 4167 alibi
1609 4115 1767 4198 etiam
1802 4126 2029 4181 posuum
2060 4117 2138 4170 iu-

565 4194 758 4257 venio;
806 4200 859 4245 ct
909 4184 1076 4256 poeta:
1105 4184 1194 4240 alii
1238 4187 1324 4255 qui
1352 4200 1488 4257 opus
1516 4198 1611 4239 sex
1651 4184 1857 4238 dierum
1898 4196 2135 4253 narrant,

564 4256 749 4317 noctis
784 4275 920 4315 mem
946 4267 1178 4321 nerunt,
1232 4267 1288 4310 ut
1331 4256 1474 4309 diem
1526 4270 1687 4308 unum
1729 4256 2034 4324 compleant
2084 4267 2139 4312 et

2156 2953 2203 3017 C

2236 1645 2456 1716 Ceponii
2492 1644 2709 1712 Hispani
2732 1644 3183 1716 episc0pismculi
3213 1659 3267 1716 v.
3297 1644 3540 1699 versibus
3570 1645 3818 1701 hexame-

2233 1715 2329 1773 tris
2356 1733 2481 1779 ms.,
2507 1718 2818 1772 asservabat
2846 1715 3109 1779 Barthius,
3142 1726 3193 1768 ut
3219 1715 3327 1769 dixi
3359 1731 3505 1769 num.
3537 1716 3608 1771 5'2
3650 1716 3819 1784 prole-

2231 1804 2374 1857 gom.
2400 1790 2543 1842 Alios
2575 1789 2866 1856 scriptores
2892 1787 3006 1841 sive
3030 1789 3346 1855 interpretes
3375 1787 3426 1839 in
3453 1786 3814 1843 Hexaemeron

2231 1859 2398 1943 refert
2407 1860 2691 1984 Ιξζιῖ)11ᾳιιέιιιε
2735 1858 2786 1912 iu
2819 1857 3148 1913 Bibliotheca
3195 1870 3349 1911 sacra
3400 1866 3525 1913 ante
3554 1857 3819 1914 Dictiona-

2232 1946 2371 1984 l‘llllll
2452 1948 2461 1982 I
2530 1944 2593 1984 lc.

2232 1930 2371 1985 rium
2407 1930 2593 1984 Biblic.

2307 2002 2427 2056 117.
2457 2001 2587 2055 Mar.
2620 2000 2804 2056 Victor
2831 1999 2983 2071 initio
3022 1999 3117 2071 lib.
3142 2015 3156 2053 l
3183 2015 3195 2051 :
3220 1998 3350 2053 Ante
3388 1998 3579 2071 polos,
3613 2000 3815 2071 emtique

2231 2072 2365 2125 diem
2389 2088 2408 2126 :
2439 2089 2542 2136 quo
2574 2072 2732 2126 lectio
2775 2070 2979 2127 codicis
3020 2069 3142 2124 Val.
3173 2079 3291 2122 ante
3335 2069 3482 2136 polos
3507 2069 3808 2127 roboratur.

2239 2143 2426 2209 Elogio
2458 2142 2559 2197 hoc
2591 2142 2724 2197 lucis
2752 2142 2952 2211 nullum
2985 2140 3128 2196 aliud
3156 2140 3648 2211 legaslocupletius
3673 2160 3685 2194 :
3711 2143 3814 2197 col-

2233 2214 2349 2281 ligit
2381 2215 2523 2268 enim
2560 2214 2875 2268 Dracontius
2903 2211 3158 2281 quidquid
3188 2211 3256 2265 ab
3281 2210 3400 2265 aliis
3426 2211 3480 2266 in
3510 2213 3646 2266 lucis
3673 2227 3813 2267 com-

2232 2284 2629 2358 mendationem
2656 2283 2986 2358 dictum-est.
3014 2282 3357 2358 Augustinus,
3381 2283 3470 2338 lib.
3496 2298 3512 2336 ι
3539 2283 3609 2337 de
3631 2281 3813 2339 Genesi

2232 2356 2297 2409 ad
2330 2354 2517 2417 littera,
2565 2370 2683 2422 cap.
2720 2355 2807 2417 l7,
2860 2355 3034 2408 lucem
3067 2352 3419 2423 spiritualem,
3473 2367 3581 2407 non
3630 2368 3816 2421 carpo:

2232 2441 2401 2491 ream,
2426 2441 2455 2479 a
2490 2426 2595 2479 Deo
2622 2425 2790 2492 prima
2818 2426 2902 2480 die
2931 2424 3198 2480 conditam
3226 2423 3437 2494 censuit
3474 2440 3488 2475 :
3512 2439 3676 2494 quam
3706 2425 3811 2489 opi-

2232 2498 2447 2550 nionem
2478 2497 2743 2565 Rupertus
2793 2495 2958 2550 abbas
3005 2495 3097 2551 lib.
3131 2511 3167 2559 ι,
3217 2495 3268 2548 in
3299 2493 3543 2559 Genes.,’
3576 2509 3695 2563 cap.
3727 2494 3810 2562 10,

2231 2570 2531 2628 conlirmat,
2564 2568 2684 2636 quia
2719 2583 2850 2620 unus
2881 2568 2963 2620 hic
2992 2567 3104 2621 dies
3124 2566 3355 2619 omnium
3380 2565 3581 2636 dierum
3607 2582 3815 2634 pauper-

2231 2639 2395 2691 rimus
2424 2635 2644 2702 esset,“
2675 2639 2847 2691 solum
2874 2637 2964 2691 lux
2990 2650 3248 2705 corporea
3280 2637 3333 2689 in
3361 2651 3424 2690 eo
3451 2635 3663 2690 condita
3691 2636 3814 2689 fuis-

2232 2719 2335 2762 set.
2363 2708 2477 2761 Non
2496 2722 2624 2777 ergo
2649 2708 2876 2762 attendit
2903 2708 3171 2775 Rupertns
3200 2707 3267 2760 ad
3296 2720 3449 2761 veras
3475 2706 3614 2760 lui-is
3643 2707 3816 2763 laudes

2231 2779 2661 2846 eminentcmque
2684 2789 2950 2833 naturam.
2971 2778 3028 2834 S.
3045 2779 3375 2836 Ambrosius.
3396 2777 3488 2831 lib.
3503 2791 3522 2830 ι
3540 2777 3815 2842 ﬂexaem.,

2232 2864 2350 2914 cap.
2382 2850 2413 2904 9
2439 2867 2453 2906 :
2482 2848 2608 2902 Erat
2631 2852 2834 2916 quidem
2857 2850 2996 2903 Deus
3021 2852 3129 2919 ipse
3149 2850 3201 2902 in
3225 2849 3433 2911 lumine,
3454 2861 3588 2915 etc.,
3606 2848 3691 2902 sed
3705 2864 3819 2919 eam

2234 2921 2397 2973 lucem
2424 2922 2537 2987 fieri
2576 2921 2735 2974 voluit
2765 2922 2881 2987 qud:
2903 2918 3064 2974 oculis
3104 2919 3460 2987 corporalibus
3488 2918 3819 2986 comprehen-

2235 2991 2461 3044 deretur.
2501 2992 2601 3057 Qui
2629 2991 2907 3059 cedi/icium
2931 2990 3140 3061 aliquod
3166 2992 3382 3059 dignum
3414 2989 3703 3061 habitacula
3731 3006 3820 3060 pa-

2237 3062 2556 3131 trisfamilias
2604 3074 2795 3116 struere
2845 3060 3134 3128 desiderat,
3182 3071 3453 3131 antequam
3493 3060 3819 3130 fundamenta

2235 3130 2410 3201 pan/it,
2444 3135 2577 3188 unde
2604 3134 2766 3186 lucem
2795 3134 2841 3187 ei
2881 3133 3123 3202 infundat
3159 3130 3427 3199 explorat;
3464 3141 3513 3184 et
3552 3148 3616 3185 ea
3658 3132 3821 3202 prima

2233 3214 2305 3258 est
2333 3205 2519 3273 gratia,
2548 3220 2661 3273 qua:
2685 3205 2730 3257 si
2758 3204 2904 3268 desit,
2947 3212 3052 3256 tota
3081 3204 3262 3256 domus
3285 3202 3507 3273 deformi
3536 3202 3705 3255 horret
3732 3202 3815 3255 in-

2234 3276 2394 3328 cultu.
2424 3273 2539 3328 Lux
2567 3286 2636 3329 est
2661 3291 2775 3337 ante
2796 3275 3016 3343 reliquos
3041 3274 3220 3327 domus
3245 3272 3563 3326 commendat
3593 3282 3818 3343 ornatus.

2308 3346 2430 3401 118.
2456 3346 2569 3400 Non
2597 3347 2735 3400 male
2761 3342 2911 3400 esset
2936 3346 3071 3398 nocti
3094 3344 3240 3397 limes
3263 3355 3311 3397 et
3332 3343 3558 3408 umbris;
3585 3342 3679 3397 sed
3699 3342 3822 3397 Dra-

2235 3418 2472 3480 contius,
2527 3417 2621 3470 lib.
2658 3432 2717 3481 ll,
2763 3431 2906 3470 vers.
2961 3416 3085 3481 707,
3138 3414 3270 3467 dixit
3316 3415 3477 3469 etiam
3522 3427 3645 3468 cum
3689 3427 3818 3468 casn

2232 3487 2506 3556 gignendi,
2535 3486 2796 3554 Criminis,
2829 3496 2875 3539 et
2904 3481 3067 3553 pdenw
3094 3485 3259 3538 limes.
3284 3483 3628 3556 Ambrosius,
3660 3482 3754 3538 lib.
3779 3497 3818 3548 ι,

2238 3555 2357 3622 cap.
2392 3558 2446 3622 9,
2481 3557 2739 3612 llexaem.
2765 3574 2779 3610 :
2808 3557 3125 3610 Advertimus
3150 3556 3319 3617 itaque
3345 3556 3483 3623 quod
3504 3555 3636 3608 lucis
3660 3565 3819 3619 ortus,

2237 3641 2507 3695 antequam
2533 3633 2631 3694 sol,
2675 3628 2808 3681 diem
2850 3628 3083 3681 rideatur
3112 3626 3313 3691 aperire
3342 3641 3362 3679 :
3402 3626 3661 3696 principia
3684 3625 3821 3677 enim

2237 3700 2339 3753 diei
2369 3700 2527 3752 noctis
2560 3699 2754 3752 exitum
2780 3699 3028 3751 claudunt
3055 3698 3272 3767 finisque
3298 3696 3559 3767 temporis,
3590 3705 3639 3767 et
3661 3705 3823 3749 status

2240 3770 2382 3823 limes
2404 3771 2538 3823 nocti
2567 3776 2619 3822 et
2638 3770 2736 3822 diei
2751 3769 2983 3822 videatur
3006 3765 3113 3822 esse
3128 3765 3473 3837 prtescriplus.
3499 3765 3607 3821 Sed
3628 3768 3689 3820 ad
3700 3779 3822 3837 ver-3

2241 3784 2382 3823 times
2404 3784 2538 3823 nOClt
2567 3784 2619 3822 et
2638 3784 2734 3822 ater
2751 3784 2983 3822 videatur
3006 3784 3113 3822 esse
3128 3784 3331 3837 praesen
3375 3784 3473 3819 ms.
3499 3784 3607 3821 aea
3628 3784 3689 3820 aa
3700 3784 3821 3820 ver-

2241 3840 2456 3894 tendum
2484 3854 2693 3908 quoque
2716 3850 2798 3894 est
2822 3855 2884 3893 ex
2911 3838 3108 3893 Basilio
3125 3838 3306 3891 bomil.
3331 3784 3821 3906 gﬂexaemqqttod

2240 3910 2397 3964 Prior
2433 3909 2522 3964 ille
2562 3911 2741 3964 mundi
2787 3919 2975 3975 status,
3022 3909 3263 3961 nimirum
3307 3916 3426 3960 ante
3464 3908 3824 3975 primigeniam

2241 3982 2403 4035 lucem
2431 3990 2663 4034 exortam
2703 3997 2803 4034 non
2833 3996 2947 4033 noxa
2962 3980 3238 4043 dicebatur,
3280 3980 3370 4032 sed
3413 3979 3631 4031 tenebrae
3666 3994 3685 4030 :
3722 3992 3825 4029 nox

2240 4053 2373 4105 enim
2391 4067 2461 4135 ea
2486 4052 2727 4135 temporis.
2749 4049 2917 4122 portio
2941 4051 3172 4135 dictarat
3202 4064 3313 4135 qua:
3334 4047 3577 4135 distincte
3596 4064 3649 4101 se
3678 4046 3825 4100 habet

2242 4133 2288 4175 ct
2320 4119 2547 4192 opposite
2575 4119 2643 4175 ad
2674 4119 2825 4183 diem,
2859 4137 2973 4190 quae
2998 4122 3200 4189 quidem
3243 4120 3351 4192 diei
3386 4119 3826 4192 succedauea‘no-

2240 4187 2361 4248 vani
2384 4187 2515 4245 hanc
2545 4187 2945 4264 appellationem
2971 4187 3179 4264 indepta
3204 4199 3298 4245 est.
3327 4189 3647 4243 Dracomius
3668 4187 3827 4256 igitur

2244 4266 2321 4318 ait
2352 4264 2522 4316 lucem
2559 4262 2679 4316 esse
2705 4264 2931 4317 limitem
2973 4262 3333 4323 tenebrarum,
3369 4274 3491 4327 tilia:
3522 4274 3625 4312 noii
3674 4267 3830 4312 erant

563 4334 762 4406 Moysis
790 4330 1107 4406 sententiam
1130 4328 1452 4406 exprimant.
1492 4327 1961 4406 Cmterumlueetn
1994 4338 2140 4406 tene-
2167 4326 2217 4386 D
2243 4344 2449 4406 nox,_et
2479 4334 2666 4406 harum
2693 4349 2809 4402 quae
2840 4331 3034 4387 deinde
3066 4346 3167 4406 nox
3196 4340 3397 4386 vocatm
3427 4339 3575 4384 sunt.

562 4397 780 4459 bra'rum
827 4417 949 4457 esse
977 4404 1204 4454 mortem
1237 4398 1545 4468 metaphora
1594 4406 1694 4468 est
1721 4397 1789 4451 ab
1832 4398 1952 4452 aliis
1976 4400 2138 4452 etiam

561 4486 839 4544 usurpata.
889 4470 1277 4544 Platitungen.
1314 4485 1352 4531 ι,
1382 4466 1453 4531 ’2,
1486 4468 1594 4522 ὅδε
1629 4466 1751 4544 Dies
1780 4469 1988 4544 quidem
2025 4470 2141 4539 jam

564 4549 631 4600 ad
661 4539 954 4599 umbilicum
974 4554 1045 4595 est
1068 4542 1366 4595 dimidiatus
1395 4548 1645 4593 mortuus.
1678 4541 1898 4604 Statius,
1935 4539 2029 4592 lib.
2064 4555 2136 4607 tv,

562 4617 684 4679 silv.
715 4621 768 4682 6,
818 4629 957 4669 vers.
1000 4608 1055 4680 ὃ,
1106 4610 1228 4665 Iam
1266 4612 1507 4682 moriente
1541 4610 1633 4682 _d_ie
1671 4618 1841 4678 rapuit
1872 4624 1951 4662 me
1976 4626 2137 4682 cinna.

562 4677 883 4744 Dracontius
912 4686 1013 4738 hoc
1041 4677 1158 4748 lib.,
1194 4697 1333 4735 vers.
1364 4681 1486 4741 665.
1531 4677 1743 4733 Mortua
1774 4694 1876 4734 uox
1912 4679 2005 4733 sub
2032 4681 2143 4734 luce

564 4757 697 4813 cadit
725 4773 745 4812 :
772 4760 849 4815 sic
875 4756 1016 4810 enim
1043 4755 1227 4823 legunt
1254 4750 1541 4823 editi;_sed
1565 4752 1617 4804 iu
1645 4750 1812 4823 Vatic_.
1836 4753 1984 4823 θρα..
2008 4768 2143 4823 mer-

564 4838 655 4881 tua
685 4827 798 4892 lux,
830 4835 889 4881 ut
919 4842 1041 4881 mox
1067 4820 1261 4879 dicam.
1293 4821 1503 4892 Clarius
1533 4836 1674 4875 vers.
1705 4821 1829 4892 672,
1854 4820 2007 4875 Ducit
2032 4822 2142 4874 ubi-

564 4916 663 4970 que
690 4891 847 4963 dieiu,
901 4898 1183 4970 periturum
1219 4893 1379 4970 noctis
1418 4891 1483 4970 ab
1526 4891 1920 4970 _umbris._.ll:ee
1963 4905 2140 4946 autem

563 4961 745 5025 omnia
776 4961 908 5037 quas
936 4967 1251 5037 Dracontius
1278 4966 1331 5019 in
1362 4962 1577 5037 opiﬁcio
1615 4977 1709 5037 sex
1737 4961 1944 5037 dierum
1977 4976 2143 5037 expo-

566 5042 744 5095 nendo
769 5032 1178 5102 commemorat,
1209 5036 1324 5090 fuse
1347 5032 1869 5102 disputanttheOIOgi
1896 5042 1948 5088 et
1977 5032 2144 5088 inter-

566 5122 768 5182 pretes,
802 5110 879 5163 illi
914 5106 1346 5182 rprtesertimmqui
1375 5104 1554 5160 dedita
1581 5118 1741 5182 opera
1764 5103 1831 5159 de
1855 5118 2019 5182 Opere
2048 5119 2143 5159 sex

566 5174 773 5235 dierum
821 5174 1172 5246 scripserunt.
1216 5176 1408 5230 Poetas
1456 5175 1741 5229 nonnullos
1770 5174 2142 5246 exAGoltlasto

566 5250 865 5307 recensitos
909 5243 1032 5303 vide
1078 5262 1226 5301 num.
1252 5247 1322 5302 29
1359 5246 1680 5316 prologum,
1730 5244 1821 5298 ubi
1851 5243 2143 5314 Gregorius

567 5323 790 5392 Magnus
827 5329 888 5392 et
912 5318 1223 5392 Ambrosius
1268 5319 1449 5392 ju_uior
1478 5326 1995 5392 commemorantur;
2025 5317 2144 5392 Ased

567 5386 795 5445 forfzisse
822 5390 1106 5446 Goldastus
1132 5386 1277 5445 solos
1321 5389 1548 5461 hymnos
1571 5386 1885 5461 llexaemeri
1905 5389 1981 5461 ab
2010 5389 2142 5441 Am-

567 5464 754 5518 brosio
783 5461 1166 5516 Mediolanensi
1204 5458 1539 5528 conscriptos
1585 5458 1779 5521 innuit,
1828 5459 1919 5527 qui
1951 5474 1979 5511 a
2010 5473 2149 5512 non-

571 5534 735 5588 nullis
762 5534 976 5601 ascripti
1025 5533 1223 5587 fuerint
1266 5532 1546 5599 Gregorio,
1580 5531 1662 5601 ab
1694 5529 1828 5601 aliis
1854 5531 2146 5584 Ambrosio

567 5605 789 5673 iuniori.
823 5600 1088 5675 Hippolyti
1107 5602 1341 5657 Africani
1370 5611 1432 5675 et_
1446 5600 1722 5675 Prudentii
1750 5601 1917 5655 nostri
1942 5601 2147 5675 llexae-

567 5692 759 5729 merou
792 5673 1077 5729 interemit.
1121 5675 1392 5746 Leyscrus
1419 5673 1618 5746 Hister.
1654 5680 1797 5740 poet.
1849 5673 2150 5746 nted._z_1:_v.,

572 5762 693 5816 pag.
722 5746 850 5811 591,
897 5746 962 5800 ad
1017 5761 1143 5799 ann.
1178 5743 1338 5809 1136,
1366 5744 1534 5798 edidit
1561 5744 1926 5816 Hexaemeron
1950 5743 2147 5816 Allilde-

573 5812 712 5879 berti
740 5817 1087 5885 Turonensis,
1120 5816 1235 5873 sive
1272 5815 1712 5881 Cenomanensis,
1759 5814 1902 5885 quod
1948 5812 2001 5869 iu
2033 5813 2148 5869 edi-

2322 4404 2443 4459 119.
2475 4398 2760 4459 Mendosus
2783 4412 2865 4458 est
2895 4402 3064 4456 codex
3095 4401 3416 4456 Vaticanus:
3443 4400 3536 4454 sed
3582 4400 3746 4454 etiam
3777 4398 3829 4452 in

2246 4476 2460 4542 vulgata
2492 4475 2721 4529 lectione
2745 4475 2989 4543 suspicor
3018 4473 3196 4527 inesse
3219 4471 3495 4525 mendum.

2318 4539 2440 4601 ﬁt).
2471 4545 2689 4598 llivinus
2713 4560 2777 4599 ex
2804 4539 3111 4612 conjectura
3146 4543 3269 4612 legit
3304 4542 3550 4609 factisque
3585 4539 3838 4612 colonet

2248 4616 2426 4670 laudat
2454 4615 2773 4684 Drepanium
2822 4610 3064 4679 Florum,
3112 4610 3277 4683 Atque
3304 4614 3411 4665 dies
3430 4612 3621 4684 sarias
3646 4610 3837 4662 distin-

2247 4703 2406 4756 guens
2438 4682 2803 4740 luceicolores.
2856 4685 2996 4739 Nihil
3037 4682 3235 4756 muto:
3266 4698 3393 4756 nam
3430 4683 3517 4756 lux
3552 4682 3717 4756 etiam
3756 4695 3789 4734 e
3821 4689 3841 4733 t

2248 4752 2397 4838 factis
2424 4760 2585 4821 calor,
2632 4767 2800 4838 tuest
2836 4754 3179 4838 gratittusalis,
3221 4764 3274 4807 et
3298 4752 3556 4838 splendor
3582 4753 3835 4838 ﬂantum,

2247 4822 2302 4882 et
2328 4842 2486 4882 versu
2531 4827 2791 4896 superiori
2835 4822 2947 4894 iam
2992 4825 3194 4880 dictum
3226 4833 3315 4896 cst
3352 4822 3454 4896 lux,
3489 4824 3646 4890 facies
3688 4828 3841 4875 rebus

2247 4899 2462 4961 cunctis,
2496 4894 2634 4964 quod
2665 4897 2892 4964 amplius
2918 4905 3001 4951 est
3027 4911 3185 4964 quam
3213 4895 3305 4948 lux
3332 4894 3484 4963 factis
3507 4896 3673 4945 color.

2325 4968 2445 5021 122.
2474 4963 2676 5021 liursus
2710 4963 2852 5022 vers.
2883 4966 3005 5029 127,
3041 4963 3222 5019 mundi
3260 4964 3570 5034 primordia.
3603 4963 3843 5016 Ambro-

2248 5038 2361 5092 sius
2385 5039 2583 5099 hvmuo
2612 5040 2678 5092 ad
2708 5039 2849 5092 diem
2880 5038 3131 5106 primum,
3181 5034 3493 5106 Primordiis
3533 5035 3667 5087 lucis
3698 5047 3847 5086 nam

2249 5108 2437 5162 Mundi
2478 5125 2669 5175 parans
2708 5104 2973 5179 originem.
2996 5107 3223 5179 Eodem
3268 5104 3537 5179 vocabulo
3571 5106 3846 5179 incudem

2247 5195 2310 5234 re
2341 5174 2558 5233 utuntur
2584 5174 2965 5244 Tertulliantts,
2990 5178 3126 5233 Mar.
3152 5176 3330 5231 Victor
3356 5184 3411 5230 et
3435 5176 3543 5229 alii.
3583 5174 3847 5228 Paulinus

2251 5265 2429 5319 poem.
2467 5251 2554 5317 19,
2612 5250 2775 5305 Nosse
2819 5265 2987 5303 moues
3033 5264 3211 5301 causas
3259 5262 3429 5319 rerum
3467 5255 3516 5299 et
3558 5244 3855 5319 primordia

2250 5316 2468 5374 mundi?
2497 5316 2691 5375 Rivino
2715 5321 2800 5375 hic
2828 5334 3018 5374 versus
3055 5320 3247 5372 nothus
3271 5317 3503 5381 videtur,
3528 5326 3624 5369 aut
3653 5316 3852 5369 saltem

2249 5391 2575 5461 superﬂuus,
2624 5392 2667 5444 si
2694 5406 2813 5445 cum
2848 5406 3002 5444 versu
3035 5391 3156 5452 118,
3203 5387 3317 5461 Lux
3340 5389 3501 5459 jubar
3526 5386 3848 5461 alterum,

2251 5456 2491 5516 et'vers.
2542 5456 2665 5523 {27,
2709 5461 2890 5514 mundi
2936 5461 3215 5527 primordia
3265 5456 3458 5521 lucent,
3509 5456 3856 5512 conferatur.

2255 5532 2453 5587 Verum
2477 5533 2796 5586 Dracontius
2816 5526 3013 5596 aliique
3033 5541 3200 5600 poeta:
3215 5527 3510 5600 Christiani
3536 5526 3854 5600 istiusmodi

2255 5603 2664 5673 repetitionibus
2690 5598 3058 5658 delectantur:
3088 5615 3389 5673 quanquam
3421 5599 3739 5673 discrimen
3761 5598 3864 5652 ali-

2260 5670 2402 5746 quod
2432 5675 2569 5729 inter
2581 5675 2739 5746 jubar
2759 5673 3034 5746 writereum
3060 5670 3115 5726 et
3140 5671 3395 5746 fulgorem
3419 5671 3530 5746 caeli
3555 5670 3864 5746 reperitur,

2261 5739 2315 5800 et
2342 5745 2557 5800 diversa
2581 5739 2685 5798 'rcs
2723 5755 2805 5799 est
2837 5744 3007 5799 lucem
3049 5739 3171 5798 esse
3208 5739 3498 5811 primordia
3544 5739 3763 5805 mundi,
3812 5747 3867 5793 et

2261 5816 2464 5889 reliqua
2511 5815 2689 5872 omnia
2736 5815 2921 5887 mundi
2962 5813 3250 5886 primordia
3280 5828 3327 5911 a\
3343 5812 3464 5868 luce
3500 5811 3866 5893 splendorem
